2952 4838
338 585 394 674 ,18
789 603 832 640 =
865 643 870 654 .

329 702 523 810 'proposuit
549 699 815 790 Fraussucctus,
830 697 855 772 i.
882 721 914 768 a.
944 690 1143 794 conjunctis¹
1167 696 1281 774 Octo-

336 813 434 910 pade
451 827 485 884 et
510 809 764 906 Argonauta,
789 822 823 876 et
838 800 980 876 caeteris
1006 799 1281 898 Cephalopodo-

342 943 421 990 ram
431 910 615 1015 generibus
626 909 662 982 in
672 909 778 982 altera
790 905 957 980 divisione
972 903 1017 978 ab
1028 903 1095 980 illis
1106 908 1280 1004 separetis,

319 1018 497 1098 malimus
526 1013 742 1110 Decapocla.
768 1010 852 1082 Fun.
884 1008 998 1082 dicere
1018 1009 1281 1086 Adhaerentia
1346 1045 1350 1052 ·

340 1123 366 1200 i.
390 1147 421 1194 a.
448 1117 605 1194 ammaha
627 1119 710 1190 'testa
737 1114 869 1190 inclusa
893 1112 949 1188 vel
976 1129 1076 1188 testae
1105 1113 1301 1214 ligamenti'

340 1251 406 1326 ope
422 1221 641 1300 adhaerentia
662 1236 695 1291 et
721 1215 935 1312 anpoaia.
957 1215 1038 1288 Fau.
1061 1215 1198 1306 Libera
1212 1214 1236 1294 i,
1250 1241 1280 1288 e.

272 1347 275 1352 ’
339 1327 497 1404 animalia
510 1321 687 1424 ligamenti
707 1345 773 1420 ope
788 1338 890 1395 testae
905 1344 974 1396 non
988 1318 1203 1396 adhaerentia
1223 1320 1280 1396 vel
1299 1368 1302 1374 -

338 1433 425 1506 testa
441 1428 564 1502 ¹nulla⁸

393 1552 649 1652 Cephalopoda
673 1550 809 1622 Libora
829 1549 874 1622 N.
891 1547 962 1623 duo
978 1574 1104 1650 genera
1120 1575 1279 1652 compre-

338 1657 495 1734 hendunt
522 1655 744 1752 Ootopodam
757 1672 791 1726 et
810 1659 1084 1753 Argonautam.
1099 1656 1153 1740 Ex
1181 1672 1280 1728 ante·-

337 1764 486 1838 rioribus
505 1757 643 1860 quidem
657 1756 768 1858 patuit
782 1774 923 1829 naturae
936 1757 1078 1830 maxime
1095 1759 1278 1832 convenire

337 1867 430 1940 illam
443 1862 734 1963 conjunctionem:
748 1885 825 1933 nam
837 1860 947 1962 primo
957 1885 1027 1953 ‚me
1039 1857 1173 1961 judice,
1188 1885 1278 1935 con-

337 1969 496 2062 veniunt,
520 1965 616 2067 quod
643 1983 827 2064 utrumque
851 1987 978 2064 corpus
998 1983 1101 2037 testae
1120 1991 1190 2038 non
1212 1964 1279 2040 ad-

336 2073 478 2148 haerens
503 2098 510 2144 :
540 2068 686 2162 deinde,
712 2065 809 2168 quod
835 2087 914 2142 octo
947 2068 1087 2140 brachia
1124 2068 1251 2142 habent
1265 2095 1281 2141 ε,

292 2192 295 2206 ’
334 2185 454 2278 porro,
474 2173 571 2275 quod
589 2198 711 2248 saccum
735 2197 883 2271 superne
897 2197 977 2244 eum
990 2170 1141 2246 brachiis
1163 2172 1277 2270 conti-

334 2306 426 2354 nuus
441 2297 506 2354 est:
525 2277 663 2351 taudem
676 2274 771 2375 quod
787 2293 946 2374 apertura
957 2277 1081 2348 bursae
1093 2276 1194 2350 valva
1207 2295 1276 2349 non·

334 2385 502 2458 instructa
518 2399 587 2473 est,
607 2380 662 2480 uti
685 2379 721 2452 in
745 2381 877 2474 Sepit's.
903 2379 945 2451 In
970 2397 1150 2480 systemate
1176 2405 1275 2475 voro,

335 2511 356 2559 a
378 2483 641 2588 perfectioribus
667 2481 712 2555 ad
735 2481 984 2580 imperfectiora
1004 2481 1161 2556 animaiia
1187 2502 1276 2556 tran·

335 2606 472 2680 senate,
497 2585 699 2682 Octopodes
732 2585 844 2685 primo
866 2587 947 2659 loco
967 2588 1086 2660 venire
1100 2585 1225 2661 debent
1240 2605 1275 2660 et
1310 2649 1314 2668 ,

335 2695 585 2792 Argonautae
624 2689 811 2791 posteriore
834 2691 913 2764 loco
925 2744 935 2782 ,
964 2711 1004 2764 ut
1042 2689 1106 2764 hac
1144 2691 1275 2764 ratione

335 2797 455 2868 melius
498 2811 651 2868 servetur
684 2794 843 2866 transitus
879 2819 899 2866 a
935 2792 1199 2890 Cephalopodis
1228 2793 1274 2867 ad

340 2897 605 2993 Traoltelipoda
626 2898 710 2970 testa
746 2899 1018 2997 Argonautae,
1053 2897 1274 2998 quacunica

335 3020 437 3076 estex
460 3001 527 3074 hoc
555 2997 791 3093 ordinatam,
808 2999 942 3100 quaein
956 3019 1127 3075 structura
1143 2999 1274 3075 interna

335 3131 415 3180 cum
437 3105 530 3178 testis
552 3105 892 3200 Trachalipodoram
916 3104 1091 3179 convenit.
1130 3174 1134 3181 ,
1211 3138 1213 3143 ·

338 3237 354 3246 ’“
387 3223 920 3329 CeplralopodaAdlraerentia
942 3231 987 3304 N.
1012 3225 1175 3338 maguum
1207 3258 1273 3334 ge·

334 3361 453 3409 nerum
493 3361 674 3410 numerum
717 3331 1039 3438 comprehendunt,
1078 3361 1167 3437 quae
1190 3356 1272 3437 apto

333 3437 435 3510 modo
451 3435 630 3539 disponere
655 3465 725 3516 non
748 3441 823 3514 leve
845 3440 1019 3544 negotium
1032 3458 1092 3514 est.
1111 3438 1273 3542 Optimus

333 3565 416 3614 vero
434 3540 607 3616 character
619 3569 661 3639 ‚e
678 3569 750 3646 quo
762 3540 886 3620 divisio
899 3541 1101 3620 secundaria
1120 3543 1273 3618 desumi-

332 3661 411 3732 tur,
426 3643 524 3720 nobis
540 3644 676 3720 videtur
688 3675 850 3750 sequens:
866 3651 976 3744 Septa
997 3649 1149 3744 siphoae
1165 3651 1274 3724 unico

333 3749 395 3820 vel
402 3749 575 3847 pluribus
594 3749 781 3851 perforata
806 3771 839 3826 et
863 3755 973 3850 Septa
996 3753 1147 3850 siphone
1169 3751 1270 3824 nullo
