2952 4838
389 577 436 678 14
489 667 490 672 ἵ
631 667 632 672 1
835 613 879 647 =
996 584 999 589 ’

377 709 535 786 ‘dandum
558 731 627 782 non
650 705 878 780 conformatae
893 717 982 780 su'nt.
1001 705 1179 812 Caeterum
1206 737 1316 812 quum

379 813 537 914 corporis
548 812 654 884 forma
665 810 766 910 plane
777 809 954 884 conveniat
967 834 1045 883 cum
1057 812 1199 886 cavitate
1212 825 1316 887 testae

322 919 324 924 ’
381 937 419 990 et
432 941 537 1017 quum
553 915 588 988 in
599 915 672 988 ovis
685 919 755 1012 ¹jam
769 914 1003 987 contineantur
1018 931 1119 988 testae
1133 915 1318 1014 primordia

385 1019 438 1093 uti
458 1017 649 1092 observavit
672 1019 903 1091 narratores
919 1015 996 1114 (14)
1018 1015 1053 1087 in
1072 1015 1194 1091 Museo
1214 1020 1319 1094 Pari-

375 1121 499 1213 oiensi‚
512 1146 579 1194 non
592 1119 731 1220 quidem
746 1119 890 1217 amplius
900 1116 1138 1192 dubitandum
1151 1141 1215 1213 est,
1232 1124 1319 1224 quin

383 1225 454 1327 ipse
471 1225 528 1296 hic
551 1223 662 1296 incola
686 1239 788 1294 testae
816 1221 912 1295 etiam
934 1239 1146 1296 constructor
1167 1223 1222 1296 sit.

434 1348 587 1421 Tandem
598 1349 813 1447 pervenimus
838 1345 882 1418 ad
902 1349 1049 1442 Sepias,
1073 1347 1262 1448 Loligines
1283 1369 1317 1422 et

388 1452 585 1548 Octopoda‚
598 1476 743 1550 quorum
756 1455 945 1526 structurae
957 1447 1179 1522 differentiam
1191 1451 1317 1551 optime

385 1555 541 1654 exposuit
555 1555 738 1628 Curramns
751 1553 840 1650 (15).
856 1554 975 1649 Sepiis
988 1576 1025 1625 os
1042 1571 1090 1624 est
1106 1554 1314 1647 calnomum,

382 1659 486 1757 pinna
509 1676 609 1731 totam
629 1657 779 1755 corporis
793 1652 1040 1755 longitudinem
1055 1656 1229 1730 emetiens:
1247 1658 1315 1730 Lo·

336 1791 338 1796 ’
383 1763 560 1859 liginibus
596 1759 762 1860 cartilago
789 1760 894 1859 pinna
926 1756 1151 1859 longitudinis
1183 1779 1314 1835 tantum

383 1862 513 1936 dimidii
522 1863 687 1962 corporis:
701 1861 896 1958 Octopodis
909 1884 947 1933 os
958 1861 1089 1934 nullum
1098 1861 1203 1960 pinna
1211 1863 1313 1936 nulla.

382 1966 422 2038 In
442 1967 577 2060 Sepia,
592 1965 894 2064 Loliginibusque
912 1962 1003 2036 sacci
1023 1963 1146 2037 limbus
1161 1966 1206 2056 ab
1222 1961 1313 2039 omni

381 2086 476 2168 parte
495 2069 601 2142 liber:
618 2068 653 2140 in
677 2068 873 2162 Octopodis
891 2063 936 2138 ad
955 2065 1094 2140 dorsum
1113 2067 1312 2162 continuus,
1350 2117 1353 2128 ·

380 2170 509 2272 postice
532 2171 632 2263 liber,
658 2169 717 2242 sed
741 2170 868 2242 interne
883 2169 1072 2243 secundum
1095 2169 1217 2242 lineam
1233 2171 1314 2244 lon-

379 2273 603 2374 gitudinalem
628 2271 815 2344 medianam
843 2269 998 2346 adoatus.
1023 2271 1064 2344 In
1081 2271 1147 2346 illis
1172 2272 1315 2346 brachia

377 2401 443 2475 pro
459 2376 585 2447 ratione
599 2377 704 2447 multo
717 2373 882 2465 breviora,
900 2375 1076 2447 acetabula
1099 2374 1168 2448 sine
1194 2374 1314 2449 ordine

379 2475 542 2578 disposita
555 2478 588 2547 in
604 2480 740 2572 Sepiin,
761 2475 918 2550 biseriata
945 2476 981 2549 in
1005 2473 1256 2578 Loligirit'bus:
1277 2478 1321 2574 in

384 2579 580 2673 Ootopodis
595 2578 734 2651 brachia
758 2604 899 2678 corpore
925 2579 1098 2681 longiora,
1121 2581 1311 2654 acetabulis

377 2680 544 2754 biseriatis
566 2701 599 2753 ct
621 2683 791 2754 tentacula
817 2678 922 2754 nulla.
940 2675 1069 2757 In'illis
1093 2683 1220 2755 labium
1244 2683 1312 2756 tri-

377 2785 457 2884 plex
470 2810 508 2857 os
527 2784 757 2876 circumdans,
773 2784 917 2858 exterius
938 2786 1056 2876 latum,
1076 2785 1314 2859 intermedium

379 2887 632 2979 abbreviatum,
650 2887 784 2960 tertium
802 2912 1001 2961 carnosum:
1029 2886 1066 2960 in
1091 2887 1312 2985 Oetopodis,

315 3033 317 3038 ·
378 3011 398 3062 ‘e
414 3010 549 3083 contra,
563 2991 722 3090 simplex.
737 2992 778 3061 ln
789 2991 855 3064 illis
867 3009 1025 3090 apertura
1040 2991 1164 3063 bursae
1177 2991 1315 3064 vulvula

377 3099 571 3180 musculosa
585 3091 699 3167 claudi
715 3113 839 3194 potest:
853 3092 889 3168 in
901 3093 952 3167 his
982 3095 1157 3166 columnae
1174 3120 1315 3192 perpen-

379 3194 549 3272 diculares
573 3198 779 3271 musculares
808 3191 937 3270 tantum
956 3195 1091 3270 adsunt.
1115 3197 1155 3269 In
1174 3197 1241 3268 illis
1257 3195 1313 3268 ani

258 3347 261 3356 ·
379 3321 538 3399 apertura
553 3299 597 3373 ad
610 3325 781 3402 quamque
794 3318 922 3398 partem
941 3299 1111 3372 tentaculo
1127 3298 1315 3371 ·loliiformi

376 3401 540 3478 instructa
555 3404 741 3478 invenitur:
755 3401 938 3475 branchiae
950 3401 1053 3476 alium
1065 3400 1218 3474 habitum
1231 3426 1315 3500 prae

371 3619 375 3626 ,
421 3553 497 3630 (14)
512 3554 586 3618 Vid.
602 3554 779 3643 Duvernoy.
791 3553 927 3618 Diction.
952 3550 1120 3616 d'Histoire
1143 3566 1244 3613 natur.
1258 3563 1315 3612 art.

378 3639 576 3727 Argonauta

245 3735 248 3746 ¹
348 3809 371 3824 ..
422 3750 490 3840 (15)
511 3751 676 3818 Memoires
691 3706 773 3842 pour
783 3739 1120 3818 servirtl'flistoire'et
1142 3725 1315 3813 al'dnato-

368 3839 440 3940 mie
447 3839 500 3908 ‘¹⁶⁵
509 3839 712 3931 ΜΟΠΨἹΜ·
719 3843 814 3910 Mem.
822 3864 875 3908 sur
882 3838 925 3908 les
933 3835 1134 3930 Cephal-pag.
1142 3836 1183 3904 45
1192 3852 1315 3924 etsaqq.
