2952 4838
354 671 399 722 ro
800 673 843 709 =

390 769 504 862 ¹Quod
534 770 644 870 primo
674 769 792 842 attinet
821 765 866 840 nd
894 760 1282 870 ordinem'generalem,=

348 874 498 972 vidimus
518 899 558 945 ex
584 865 815 973 superioribus
833 868 1281 977 Cuvranrun,8cnwurccn-

347 1003 421 1050 num
452 996 484 1049 et
503 977 737 1050 Ltutncnrunr
761 999 780 1063 a
801 970 976 1067 Sepiariis
998 971 1161 1072 incepisse
1181 990 1214 1046 et
1235 973 1281 1044 ab

229 1112 233 1118 ·
346 1077 401 1151 his
417 1079 461 1150 ad
473 1081 735 1150 Ammoniteas
742 1129 757 1163 ,
779 1076 1067 1172 Nuutt‘loceuque¹
1082 1075 1277 1174 perrerisse.
1292 1097 1295 1112 ¹

345 1178 595 1256 ‘Fraussaccrus
614 1203 697 1254 vero
720 1176 849 1275 primus
862 1175 946 1267 fuit,
963 1177 1024 1276 qui
1047 1177 1211 1277 incipiens
1234 1177 1279 1249 ab

345 1287 397 1356 A
401 1286 573 1354 mmoneir
594 1300 626 1354 et
645 1279 839 1374 Octopodis
860 1279 1105 1368 finiens*,h'nnc
1127 1278 1278 1352 ordinem

343 1385 484 1458 invertit
511 1402 565 1475 et,
592 1407 643 1459 me
671 1379 801 1481 'jdicn
828 1399 925 1484 reete!
942 1380 1097 1479 quidem:
1132 1407 1211 1454 nam
1242 1382 1278 1454 in

344 1485 563 1585 dispositione
592 1512 707 1561 rerum
729 1483 930 1561 naturalium
953 1509 1085 1583 semper
1108 1484 1277 1557 attenden-

268 1633 289 1641 ψ·
340 1588 424 1662 dum
451 1609 517 1679 est,
534 1605 574 1661 ut
600 1615 640 1660 ex
667 1587 714 1660 eis
742 1588 877 1688 organis
902 1607 1076 1660 sumantur
1102 1586 1280 1668 characte-¹

340 1717 397 1764 res
413 1691 581 1793 primarii,
605 1715 694 1790 quae
718 1691 857 1765 maxime
871 1689 1073 1764 universalia
1093 1709 1182 1762 sunt.
1199 1691 1276 1762 Jam

341 1819 425 1867 vero
447 1813 532 1868 testa
546 1795 580 1867 in
598 1793 662 1866 hac
689 1792 815 1865 ¹familia
830 1793 900 1866 sola
913 1792 1111 1866 universalis
1122 1817 1200 1891 pars
1215 1811 1274 1884 est,

344 1896 542 1992 Octopodis
568 1913 695 1969 tantum
713 1896 873 1994 exceptis.
896 1895 1044 1985 Quando
1054 1919 1150 1968 nunc
1167 1893 1276 1995 sequi·

339 2023 417 2071 mur
433 2000 666 2072 formationem
687 1997 791 2098 hujus
805 2017 924 2080 testae,
943 1996 1098 2072 videmus
1112 2002 1160 2070 A
1162 2025 1274 2070 mmo-

339 2126 412 2174 neo
435 2120 468 2174 et
485 2103 705 2176 Noctilucae
727 2101 930 2202 perfectiora
948 2123 1035 2192 esse,
1063 2125 1169 2199 quum
1190 2099 1274 2174 haec

336 2201 611 2279 habeanttestam
635 2204 924 2305 polythalamiam‚
952 2203 1093 2302 siphone
1119 2203 1272 2276 instruc-

335 2325 422 2380 tam:
439 2306 521 2381 dum
538 2308 658 2380 sensim
675 2305 784 2380 abhis
804 2331 865 2405 per
881 2305 1010 2405 gradus
1036 2305 1270 2380 descendimus

335 2408 383 2480 ad
398 2411 686 2500 Nummulitlvos‚
716 2408 842 2506 quibus
861 2409 982 2508 nullus
1016 2408 1131 2509 sipho:
1157 2408 1198 2480 ab
1219 2408 1272 2482 his

336 2508 382 2582 ad
391 2513 532 2606 Sepias,
541 2512 666 2610 quibus
678 2508 835 2590 distincta
847 2511 1271 2612 nonampliussuntsepta:

335 2637 356 2685 a
381 2614 501 2708 Sepiie
512 2613 557 2686 ad
573 2615 781 2714 Loligines·,
793 2614 828 2686 in
842 2613 967 2713 quihus
980 2634 1107 2688 tantum
1134 2639 1272 2713 reprae-
1294 2655 1311 2672 ··

335 2735 487 2788 sentatnr
521 2716 644 2788 lamina
685 2717 905 2811 tenuissima,
943 2744 1031 2818 quae
1069 2716 1203 2792 tandem
1235 2716 1271 2790 in

338 2817 536 2915 Octopodis
562 2820 662 2919 plane
692 2818 796 2894 deest.

383 2969 574 3070 Antequam
594 2989 674 3044 vero
693 2995 936 3072 persequamur
952 2970 1133 3047 divisiones
1150 2997 1267 3046 secun·

332 3070 442 3146 darias
463 3091 496 3146 et
515 3073 804 3172 tertianas‚hujus
820 3074 887 3148 loci
912 3076 1009 3150 nobis
1033 3073 1187 3164 videtur,
1215 3091 1268 3148 ert·

330 3201 457 3276 ponere
477 3175 687 3250 characteres
709 3177 918 3267 animalium,
945 3202 1033 3276 quae
1060 3177 1137 3252 viva
1161 3176 1267 3276 hujus

333 3275 462 3352 ordinis
496 3280 672 3354 observata
697 3299 788 3372 sunt3
821 3279 1099 3382 qnandoquidem
1127 3301 1159 3354 et
1191 3279 1266 3353 illos

330 3400 447 3477 postea
469 3381 503 3454 in
533 3407 632 3458 usum
653 3383 861 3462 vocabimus.
887 3383 1063 3458 Peculiare
1083 3380 1266 3482 veroquid

333 3481 389 3553 hic
402 3479 518 3557 habuit
533 3484 656 3560 locunt.
668 3486 831 3575 Quamvis
845 3488 991 3560 Nautili
1000 3487 1180 3581 Pompilii
1186 3485 1266 3558 ani-

331 3584 398 3656 mal
417 3584 546 3682 jamdiu
570 3609 685 3686 notum
707 3591 749 3662 sit
771 3590 966 3690 etquidem
990 3614 1074 3662 cura
1093 3589 1264 3682 Buranun,

328 3681 1266 3792 praesertimtamenvernaculaelinguaeimperitiaepud

329 3809 461 3863 exteros
475 3790 601 3864 factum
616 3813 682 3886 est,
698 3814 735 3865 nt
746 3796 886 3886 animal,
900 3821 919 3866 a
933 3797 1096 3867 Runrnnro
1109 3794 1264 3894 desump

329 3910 420 3990 tum,
441 3891 486 3967 ad
504 3893 726 3980 hanenstein
746 3901 813 3973 non
829 3897 994 4000 pertinere
1012 3895 1048 3973 in
1067 3897 1262 3977 universum
