2952 4838
619 613 662 648 =
1055 584 1154 656 13,

164 728 400 786 conservatum
428 706 521 780 adest
543 732 551 777 :
575 731 689 805 penes
703 725 764 780 nos
790 731 873 809 ergo
895 725 971 800 est,
994 709 1103 809 tnagis

164 827 359 888 accuratam
393 811 497 911 bujus
531 809 682 884 animalis
717 808 799 882 dare
832 809 1102 908 descriptionem.

165 918 299 1016 Corpus
322 913 530 1016 triangulare
552 913 646 986 nulla
669 932 765 1012 parte
787 931 889 986 testae
916 911 1100 989 adhaeretis
1156 985 1157 992 ,

165 1039 201 1094 et
223 1018 400 1094 cavitatem
425 1035 525 1091 testae
547 1015 618 1090 lere
643 1016 779 1114 replens
800 1035 808 1088 ἰ
831 1015 977 1116 Brachia
1005 1033 1103 1108 oo'to,

166 1146 379 1221 compressa,
398 1109 552 1222 margine
573 1121 849 1192 membranaceo:
873 1145 894 1191 a
920 1119 1107 1211 frontalia,

132 1247 135 1250 ·
168 1226 279 1326 spirae
303 1244 416 1320 testae
429 1219 676 1315 incumbentia,
693 1222 738 1294 ad
757 1222 853 1295 basin
875 1222 962 1294 inter
978 1248 1012 1294 se
1029 1247 1106 1294 cou-

100 1357 107 1380 =
169 1345 278 1420 creta,
306 1325 350 1399 ad
374 1343 504 1426 partem
527 1325 704 1398 dimidiam
726 1324 950 1426 longitudinis
973 1321 1107 1398 defleria

169 1448 204 1504 et
222 1430 258 1504 in
282 1428 394 1503 varios
420 1423 527 1502 flexus
548 1427 671 1500 adnata
688 1448 726 1502 nt
742 1426 821 1502 inde
835 1417 926 1501 duae
940 1423 1104 1528 expansi-

170 1557 252 1608 ones
277 1533 550 1605 membranaceae
576 1528 726 1605 oriantur
749 1528 793 1602 ad
818 1551 996 1632 utramque
1019 1531 1106 1604 bra-

103 1679 105 1682 ·
170 1635 335 1716 chiorum
345 1625 493 1736 partem,
516 1633 642 1734 quibus
661 1643 770 1706 aerem
790 1631 936 1708 natando
950 1631 1107 1734 excipere

172 1731 356 1814 dicuuturr
385 1737 478 1838 paria
504 1731 576 1810 duo
604 1735 757 1810 mediana
779 1757 968 1812 antrorsnm
992 1763 1110 1830 uersa,

171 1833 357 1944 posteriora
368 1861 575 1932 retroversa,
584 1839 621 1912 in
632 1839 793 1913 lateribus
801 1859 905 1916 testae
917 1837 1108 1940 pendentia:
1160 1833 1164 1842 ’

171 1945 290 2018 et'duo
307 1933 450 2015 brachia
469 1933 633 2015 neutralia
649 1935 819 2040 prioribus
837 1945 992 2044 analoga.
1016 1945 1109 2016 Ace-

171 2043 290 2120 tabula
313 2043 348 2116 in
367 2039 425 2115 illa
442 2063 537 2142 parte
553 2041 769 2138 brachiorum
790 2062 919 2117 tautum
934 2045 1109 2118 efformata

174 2165 275 2240 strat,
291 2170 379 2246 quac
392 2145 515 2238 abore
534 2142 579 2218 ad
600 2143 786 2246 marginem
806 2141 984 2244 aperturae
1005 2166 1111 2220 testae
1212 2155 1216 2161 '

173 2249 308 2351 vergit,
333 2246 415 2320 dum
470 2273 538 2341 ars,
611 2272 652 2321 ae
676 2266 769 2321 extra
795 2247 893 2321 illum
922 2250 1109 2350 marginem

173 2349 320 2454 pendet,
343 2274 530 2428 acetabulis
550 2273 708 2424 obsoletis
728 2341 882 2452 praedita
905 2371 966 2424 est.
982 2351 1111 2426 Saccus

175 2455 285 2528 antica
300 2453 336 2526 in
352 2451 493 2528 brachia
512 2449 709 2548 continuus,
727 2451 858 2555 postiae
873 2475 1011 2556 apertus
1021 2472 1060 2527 ut
1075 2456 1111 2526 iu
1141 2497 1144 2506 «

107 2599 110 2606 ·
184 2557 400 2654 Octopodis,
427 2555 489 2631 sed
515 2545 702 2660 ligamenti‘
723 2583 789 2658 ope
812 2559 944 2658 postica
973 2557 1111 2657 corpori

176 2685 248 2734 non
260 2657 446 2734 adhaerens
462 2689 473 2732 a
488 2659 613 2734 lamina
629 2653 848 2764 cartilaginea
869 2661 1112 2736 tuberculum-

178 2787 245 2862 que
258 2787 435 2838 carnosum
448 2762 494 2838 ad
505 2780 842 2864 utramquepartem,
859 2765 907 2839 uti
920 2765 956 2837 in
968 2765 1111 2861 sepiis:

176 2865 306 2944 labium
334 2863 483 2968 duplex,
511 2855 747 2941 intermedium
775 2857 883 2969 igitur
906 2867 994 2940 iuter
1024 2858 1112 2964 illud

119 2967 122 2972 ’
180 2963 387 3063 Sepiarum,
411 2965 507 3068 quod
523 2968 646 3069 triplex
659 2987 693 3042 et
717 2961 999 3066 Octopodorttm,
1016 2965 1113 3066 quod

178 3070 319 3170 simplex
334 3088 398 3146 est:
420 3091 579 3172 apertura
601 3067 723 3146 bursae
739 3065 841 3146 valva
862 3079 932 3146 non
949 3069 1115 3172 instructa

178 3191 241 3246 est.
265 3173 363 3244 Anus
378 3174 557 3248 tentaculis
573 3165 790 3250 filiformibus
801 3163 996 3250 destitutus:
1018 3171 1116 3272 bran-

180 3273 279 3348 chiae
306 3299 369 3372 pro
400 3275 528 3350 ratione
554 3271 836 3372 multoma'ores,
853 3301 956 3380 quam
976 3274 1010 3348 in
1037 3275 1116 3346 Oe-

181 3369 417 3472 romain-Er
439 3371 532 3454 tenui
564 3397 666 3452 testae
692 3307 822 3455 fabrica
852 3395 885 3453 et
903 3406 955 3453 ex.
969 3367 1118 3454 obsoleta

182 3479 437 3578 acetabulorum
460 3471 724 3556 conformatione
741 3483 895 3582 sequitur
912 3481 1050 3559 vivendi
1069 3509 1119 3554 ra-

180 3581 308 3654 tionem
336 3584 435 3658 valde
462 3582 602 3658 diffleme
616 3584 661 3656 ab
686 3581 743 3674 illl
765 3587 952 3682 Sepiarnm
976 3604 1009 3659 et
1021 3587 1119 3658 Lolt‘·

180 3688 326 3784 gitium,
338 3687 398 3786 qni
413 3686 615 3782 animalibus
629 3686 887 3786 praedatoribus
904 3687 1119 3763 adnumerari

183 3785 323 3860 debent:
340 3783 562 3865 verosimilius
582 3804 649 3876 est,
662 3793 906 3892 Argonautas
920 3779 1123 3892 corporibus
1155 3855 1158 3861 ,

184 3905 256 3963 sese
269 3887 403 3992 affigere
419 3905 549 3969 tantum
561 3909 671 3997 eaque
682 3909 865 3998 exsugere,
880 3915 956 3972 nam
969 3895 1014 3970 ad
1026 3917 1121 3993 prae·
