2952 4838
356 715 471 818 gimus
507 712 707 789 diametrum
742 714 925 790 maximum
963 719 986 789 i.
1012 739 1044 788 e.
1080 742 1102 791 n
1141 719 1305 822 margine

357 836 536 918 aperturae
568 836 706 892 externo
734 843 845 917 nsque
876 816 921 892 ad
947 838 1075 918 partem
1099 837 1202 896 testae
1227 847 1294 922 op-

355 921 510 1022 positam.
524 919 607 996 ,Sub
630 921 842 996 latitudine
862 919 1053 1024 anfractus
1065 927 1240 1019 postremi
1260 945 1294 998 et

349 1023 773 1126 penultimiintelligimus
782 1025 872 1098 illam
883 1042 1013 1124 partem
1024 1024 1178 1100 diametri
1189 1046 1292 1100 trans·

356 1126 462 1217 veru,
476 1153 565 1226 quae
584 1129 696 1229 vergit
709 1153 728 1200 a
743 1127 847 1201 derso
860 1127 904 1201 ad
919 1127 1103 1230 marginem
1122 1128 1291 1204 internum

345 1229 538 1303 infectus.
569 1229 642 1302 Sub
670 1231 880 1304 Latitudine
910 1234 1125 1327 Aperturee
1149 1257 1291 1306 mensu·-

354 1356 426 1405 rem
448 1329 601 1406 emedio
624 1331 725 1408 dorso
745 1335 918 1408 anfractus
943 1334 1051 1407 ultimi
1074 1333 1118 1408 ad
1141 1332 1289 1408 medium

354 1432 493 1508 dorsum
512 1435 685 1510 anfractus
703 1435 881 1536 penultimi
899 1449 1102 1540 vergentem.
1123 1437 1200 1536 sub
1213 1437 1289 1508 La-

353 1537 507 1610 titudine
543 1543 760 1634 Aperturae
799 1540 964 1641 priorem⁴
981 1536 1094 1615 medio
1128 1540 1164 1614 in
1198 1538 1288 1614 linei

352 1638 633 1740 perpendiculari.
654 1662 831 1718 secantem.
1211 1677 1216 1688 ·

402 1765 590 1842 Anfractus
612 1768 780 1860 involuti,
809 1768 1057 1844 semi-involuti
1081 1775 1115 1842 et
1145 1766 1287 1868 expositi

351 1866 398 1943 ita
410 1868 497 1942 inter
510 1869 731 1965 sedifferunt,
746 1893 785 1946 ut
797 1872 968 1977 prioribus
979 1871 1286 1977 intelligantnreu-

350 1971 501 2069 fractus,
526 1973 586 2074 qui
602 2000 637 2049 se
653 1975 797 2051 invicem
813 1971 914 2075 plane
929 1976 1117 2080 obtegunt:
1133 1999 1283 2074 sequen·-

254 2094 256 2100 ’
349 2074 455 2170 tibus,
486 2078 585 2172 tales,
614 2079 674 2179 qui
690 2104 754 2179 pro
770 2077 909 2152 dimidii
925 2097 1020 2178 parte
1036 2103 1071 2153 se
1087 2078 1282 2152 occultant:

348 2178 608 2354 posterioribus,
635 2183 733 2278 tales,
760 2183 825 2284 qui
847 2183 947 2256 nulli
963 2195 1058 2281 perte
1081 2206 1116 2256 se
1138 2178 1282 2254 invicem

349 2305 455 2356 recon
481 2302 554 2357 unt.

399 2408 561 2483 mensure
573 2411 709 2484 metrici
721 2411 857 2512 quidem
871 2410 923 2486 usi
933 2408 1065 2503 sumus,
1079 2436 1185 2511 quum
1198 2408 1282 2483 haee

349 2507 410 2583 toti
426 2510 500 2583 orbi
517 2513 645 2586 telluris
659 2515 855 2609 communis,
870 2517 1012 2588 multum
1026 2513 1211 2615 praevelere
1223 2536 1281 2584 no·

346 2612 400 2686 bis
416 2613 570 2732 rideatur
585 2617 676 2692 omn'i
696 2615 793 2714 aliae,
815 2619 981 2720 peculiari
998 2615 1134 2694 crudam
1149 2611 1282 2718 regioni

347 2734 536 2814 pertruentt.

396 2866 500 2957 Quod
512 2868 630 2943 attinet
644 2869 690 2948 ad
702 2870 833 2944 tabulas
851 2868 1037 2972 analyticas
1057 2867 1277 2969 Specierum,

342 2968 470 3065 quibus
481 2970 644 3073 quodque
657 2999 768 3077 genus
780 2973 977 3075 incipimus,
991 2973 1164 3073 sequimur
1176 2972 1211 3044 in
1228 2970 1281 3046 his

342 3070 532 3148 Gsuumun
539 3075 627 3175 (69).
643 3079 758 3151 Primo
771 3076 895 3150 intuitu
909 3074 1196 3177 cuidamquidem
1211 3073 1280 3147 nri-

340 3199 406 3248 nus
433 3176 646 3254 indistinctae
672 3178 781 3256 videri
806 3179 1140 3280 potuisseutzpauca
1170 3177 1278 3279 igitur

338 3277 455 3353 adhuc
471 3281 515 3355 de
540 3283 593 3358 his
614 3283 825 3386 adjiciamus.
848 3284 1017 3356 Ponamus
1032 3283 1277 3374 Ammoniten

340 3379 464 3560 {2ng
479 3382 692 3464 determinari
707 3385 830 3463 debere
838 3440 849 3481 ,
865 3404 947 3460 tune
960 3385 1107 3486 primum
1122 3385 1155 3461 iu
1172 3384 1276 3460 tabu-

390 3509 423 3560 vr
463 3513 559 3562 mus:

469 3589 570 3654 Dorso
585 3589 742 3658 crenuiato
758 3587 806 3656 vel
822 3588 1008 3658 denticulato
1025 3614 1099 3655 -1.

468 3677 568 3744 Dorso
584 3702 649 3744 non
666 3679 823 3747 crenulato
838 3679 887 3746 vel
902 3676 1090 3746 denticulato
1107 3697 1203 3745 -22.

1181 3777 1192 3804 0

379 3837 456 3930 (69)
476 3836 689 3927 Agrestelogia
702 3839 866 3914 Helvetium
885 3839 1026 3911 G‘enevm
1043 3835 1141 3928 1811,
