2952 4838
303 599 329 680 6
754 627 798 666 ==
878 617 880 621 '

305 729 386 802 bere
404 729 556 823 aSepiie
568 723 619 800 'ad
634 725 775 798 Pisces.
795 726 892 817 Quae
912 748 992 798 vero
1008 748 1087 800 vera
1102 722 1239 800 illorum

229 909 237 922 ,
305 832 393 905 ratio
423 831 503 924 sit,
515 830 572 906 vix
599 827 743 930 intelligi
771 849 897 930 potest,
926 828 1034 902 donec
1058 828 1239 903 Anatomia

307 932 463 1009 docuerit
493 931 665 1032 quomodo
688 959 806 1006 eorum
826 931 1002 1006 circulatio
1025 957 1060 1004 se
1081 931 1239 1004 habeat:

306 1063 386 1111 nam
420 1035 632 1131 Centaurus,
649 1035 711 1136 qui
743 1023 840 1110 solus
857 1035 1037 1134 hucusque
1058 1036 1240 1108 Pterotra·

307 1143 416 1214 cheae
448 1141 647 1214 anatomiam
675 1165 718 1212 ex
750 1137 853 1229 unico
880 1139 1031 1212 mutilato
1057 1136 1240 1237 specimine

305 1243 514 1333 elaborarit,
546 1240 590 1314 de
620 1221 840 1316 circulatione
873 1241 1038 1315 silentium
1070 1240 1241 1328 servavit,

306 1345 587 1446 quandoquidem
601 1363 685 1418 testa
698 1369 758 1418 cor
773 1364 806 1418 et
824 1345 1002 1446 pulmones
1019 1344 1194 1418 continens
1207 1361 1241 1416 et

307 1449 373 1522 sub
389 1472 532 1547 corpore
547 1448 765 1567 propendens
781 1447 957 1547 deperdita
981 1447 1060 1520 fuit.
1077 1445 1241 1536 -Quod

307 1549 444 1625 tandem
466 1551 513 1625 ad
533 1551 685 1626 ordinem
707 1552 824 1625 attinet
845 1577 915 1650 quo
934 1552 1055 1624 classes
1076 1551 1180 1624 Moll
1177 1576 1240 1620 ur-

308 1680 430 1726 corum
459 1651 641 1754 dispositae
674 1673 779 1746 sunt,
802 1653 1009 1750 Pteropode
1040 1653 1138 1727 nobis
1172 1677 1241 1726 non
1273 1681 1276 1688 ⁴

307 1757 397 1856 juste
414 1757 526 1831 locata
542 1757 701 1833 videntur
716 1757 803 1830 inter
826 1756 1077 1852 Cephalopodo
1099 1774 1133 1829 et
1154 1755 1243 1828 Gas-

308 1861 508 1954 teropoda5
539 1860 657 1960 potius
691 1859 780 1932 infra
814 1858 898 1932 haec
934 1859 1078 1934 locanda
1112 1875 1243 1950 essent,

310 1986 418 2060 quum
442 1987 502 2036 cor
529 1989 568 2036 ex
585 1989 664 2036 uno
688 1981 816 2038 tantum
841 1962 1031 2036 venuiculo
1054 1979 1183 2035 constet
1205 1960 1241 2034 in

310 2063 449 2137 modum
476 2065 790 2183 Combsemrm,
814 2062 898 2138 dum
925 2065 1170 2161 Gosteropoda
1186 2089 1244 2137 au·

309 2165 421 2242 riculo
442 2168 571 2243 aortico
593 2169 732 2268 insuper
755 2167 958 2269 praedita
931 2187 1009 2242 sint.

648 2385 815 2460 CAPUT
855 2387 905 2458 Π,

414 2575 470 2644 DE
497 2569 803 2646 CEPHALOPODIS
828 2580 870 2646 IN
894 2579 1143 2650 UNIVERSUM·

297 2851 303 2862 .
362 2781 620 2884 Cephalopoda
640 2789 755 2890 plures
769 2789 816 2863 ob
830 2788 973 2864 rationes
993 2789 1118 2890 primas
1134 2810 1244 2890 partes

314 2905 429 2962 tenent
439 2917 475 2962 m
486 2893 590 2964 Moll
588 2896 696 2965 uscia.
709 2892 977 2995 Distinguuntur
996 2892 1244 2993 quidemprae-

316 2992 428 3066 sertim
454 2994 645 3068 ventriculo
672 2996 864 3095 pulmonari
895 2995 1026 3089 bifido,
1054 2996 1245 3071 rudimento

316 3094 453 3168 aurisi.
480 3122 511 3168 e.
539 3123 645 3197 parva
666 3099 827 3189 cavitate,
849 3098 894 3171 ad
922 3125 1092 3198 quamque
1116 3100 1246 3173 cerebri

315 3216 466 3296 partem,
490 3200 525 3272 in
550 3228 620 3300 qua
643 3153 842 3276 membrand
856 3202 1061 3275 sacellormis
1093 3203 1265 3303 lapillum-

319 3302 496 3374 continens
525 3328 686 3403 suspensa
715 3323 780 3398 est,
808 3304 986 3377 deficiente
1006 3307 1116 3380 canali
1140 3305 1245 3380 semi-

319 3402 478 3474 circulari
498 3424 530 3478 et
549 3406 657 3480 ductu
685 3427 835 3482 externo:
869 3406 946 3480 dein
975 3412 1101 3482 annulo
1122 3432 1247 3483 corneo

319 3502 512 3579 rudimento
535 3509 723 3606 systematis
746 3511 848 3602 ossei,
872 3511 1043 3584 branchiis
1064 3511 1246 3612 oppositis,

321 3605 431 3680 oculis
444 3608 583 3702 validis,
603 3611 745 3686 maxillis
767 3612 1014 3688 robustissimis.

372 3731 521 3821 Quando
547 3733 681 3808 illorum
715 3739 960 3834 systematicam
986 3733 1249 3838 ¹dispositionem

323 3853 535 3936 spectamus,
563 3838 831 3933 considerantes,
862 3858 947 3940 quot
981 3840 1085 3916 fossili
1118 3860 1248 3917 tantum
