2952 4838
651 683 695 724 =
1062 736 1065 746 Ι
1096 685 1141 763 19

196 781 379 886 praedito.
398 783 628 882 Spirolinites
644 781 691 856 ad
708 783 930 886 posteriorem
941 782 1031 863 hauc
1051 787 1145 864 divi-

200 892 330 966 sionem
352 889 537 990 pertinens‚
564 883 692 962 dicitur
733 885 874 989 quidem
909 891 1052 989 siphonc
1087 894 1147 966 in-

201 1012 352 1067 structus
367 1012 413 1088 et
427 992 601 1064 Conilites
621 991 720 1064 Lan.
734 991 770 1063 in
786 990 899 1091 priore
916 994 974 1065 ilia
995 996 1147 1094 posit-us,

201 1097 261 1170 illo
270 1095 425 1197 privatus
439 1097 536 1198 (17):
557 1115 592 1168 at
609 1095 791 1196 utriusque
819 1095 951 1168 interna
971 1116 1145 1173 structura

152 1233 154 1238 ·
201 1221 270 1273 non
291 1200 378 1272 bene
389 1197 551 1301 indagata
573 1197 721 1272 ridetur.
747 1197 811 1270 Illa
838 1196 987 1273 dicimus
1011 1203 1149 1296 Sepho-

200 1301 350 1398 noidea,
395 1302 480 1377 haec
525 1299 827 1399 Asiphonoi'deo.
868 1301 944 1375 Tali
984 1304 1144 1398 ratione,
1262 1305 1264 1309 ’
1348 1266 1351 1272 ¹

121 1453 128 1466 ,
201 1407 497 1503 Microscopica,
539 1431 627 1504 quae
668 1401 847 1498 diximus,
886 1426 1089 1504 separantur
1128 1433 1150 1480 a

161 1529 163 1534 '
201 1510 342 1583 caeteris
361 1510 651 1598 Polychalomiis
679 1508 790 1600 Lam,
807 1533 956 1608 quorum
971 1511 1148 1612 conjunc-

201 1612 292 1788 gione
311 1639 436 1715 magna
459 1611 570 1686 existit
587 1612 621 1684 in
646 1629 826 1712 systemate
842 1613 1042 1688 Lemurem
1059 1638 1148 1730 cou-

219 1741 301 1792 usro.

251 1841 310 1915 Ad
343 1843 589 1938 Siplzonoi'den
631 1840 677 1916 N.
712 1840 916 1936 referimus,
953 1841 1148 1918 secundum

160 1965 167 1974 ·
201 1947 484 2018 Lamnacnmnom
497 1971 596 2044 opus,
609 1945 786 2044 sequentia
800 1969 944 2046 genera:
962 1971 1003 2018 ex
1021 1947 1151 2019 Ortho·

202 2051 335 2118 cereis:
358 2047 613 2132 Betemntten,
642 2048 894 2141 Hippuriten,
922 2047 1150 2141 Conilitlren3
1218 2113 1221 2120 .

204 2149 448 2222 eLituolcis:
479 2149 685 2244 Spimlom3
722 2149 1015 2229 eNoutiloceis:
1038 2153 1151 2223 Nau-
1225 2221 1226 2224 ,

130 2245 136 2258 ’
189 2253 332 2324 vtilam:
357 2258 390 2322 ct
407 2277 449 2324 cx
466 2255 690 2325 Ammoneis
706 2253 817 2325 omnia
835 2249 984 2325 laudata.
999 2253 1152 2342 Quando

203 2354 326 2430 horum
356 2379 519 2455 generum
547 2373 646 2429 testas
684 2373 846 2430 accurate
865 2379 983 2429 secum
1002 2356 1151 2430 invicem

204 2477 459 2560 comparamus,
494 2458 684 2532 invenimus
716 2458 860 2560 quidem
887 2457 1015 2559 triplici
1042 2485 1152 2559 prae-

203 2562 317 2635 sertim
342 2563 470 2635 ratione
488 2562 648 2636 formatas
675 2588 769 2656 csse,
790 2563 954 2664 aliasque
973 2582 1152 2662 septorum

204 2665 375 2766 margines
398 2663 738 2740 frondoso-lobeton:
755 2665 839 2740 alias
860 2665 987 2740 deinde
1011 2667 1150 2740 eosdem

203 2771 402 2870 augulatos‚
418 2769 604 2870 lingulatos
630 2769 912 2861 vel'uudulatos,
929 2771 1066 2870 angulis
1091 2771 1150 2842 ve'l
1218 2791 1220 2798 ’
1334 2770 1340 2784 ’

202 2871 344 2973 lingulis
367 2874 533 2946 rarissime
553 2872 597 2945 ad
624 2871 758 2975 apicem
784 2871 929 2944 dentatis
939 2899 954 2943 ι.
972 2873 1055 2945 alias
1072 2890 1151 2946 tau-

187 2973 281 3050 ·dem
308 2975 479 3078 margines
513 2975 748 3076 integerrimos
778 2973 916 3048 habere.
942 2973 1089 3044 Primam
1118 2991 1150 3046 ct

203 3079 335 3152 tertiam
379 3079 619 3154 formationem
658 3103 774 3153 omncs
811 3073 953 3178 quidem
990 3095 1148 3147 auctores

202 3180 458 3257 indicaverunt:
481 3181 524 3254 de
558 3181 756 3254 intermedia
774 3205 855 3256 vero
871 3177 996 3252 nullibi
1024 3182 1151 3250 mentio

203 3285 261 3377 fit,
293 3284 320 3358 si
335 3280 483 3382 excipias
500 3284 762 3359 Monraoarrom
780 3284 831 3357 uti
849 3302 881 3356 et
893 3284 1150 3371 anmcnrnn,

204 3389 266 3489 qui
298 3389 334 3461 in
366 3389 478 3487 primo
517 3411 619 3486 opere
642 3413 706 3460 suo
741 3383 1029 3484 conchiliologico
1070 3383 1149 3480 (18)
1217 3481 1220 3486 Ι

205 3515 316 3593 genus
347 3489 557 3566 Nautiliren
591 3489 784 3590 proposuit,
817 3487 863 3561 ab
887 3486 973 3580 alio,
993 3488 1160 3562 Noutilo'

248 3663 320 3818 (lg)
337 3661 431 3734 conf.
457 3639 622 3731 malton
646 3658 724 3726 Hist.
739 3641 847 3726 Natur.
869 3637 930 3729 des
944 3658 1055 3726 Anim.
1080 3679 1149 3723 sans

206 3760 288 3820 verte
312 3778 383 3828 res,
406 3770 483 3820 tom.
503 3751 575 3819 Vll.
590 3774 661 3840 pag.
692 3751 755 3840 596
772 3768 801 3818 et
824 3751 899 3818 602.

249 3842 321 3932 (18)
334 3842 410 3909 Vid.
427 3843 590 3908 Lamaacn
601 3889 613 3916 ,
626 3841 793 3907 Memoircs
808 3840 847 3906 de
863 3839 892 3906 la
907 3840 1019 3906 sociate
1036 3833 1147 3904 d’ffis-

205 3932 285 3997 toire
311 3929 461 3998 naturalia
474 3930 512 3998 de
527 3930 612 3996 Paris
633 3930 691 4016 4⁰,
714 3954 783 4019 pag.
804 3955 855 4019 79.
