2952 4838
669 623 712 662 ε
1106 625 1150 673 21

265 720 513 793 contabulato.
532 717 575 792 N.
602 716 896 819 comprehendunt
909 740 977 797 tres
996 719 1154 800 ordines:
1211 715 1214 724 ’

212 826 444 924 Sphoemlea.
466 825 558 896 Lam.
569 877 580 916 ,
591 824 856 910 Nummuliteffi
868 824 912 896 N.
928 845 962 916 et
972 829 1152 923 Sepiorio.

214 971 258 986 -
275 929 498 1024 ophaeruleo
530 927 686 1001 constant
702 927 842 1012 ⁸laminis
865 935 1065 1028 squamatim
1087 931 1153 1004 sibi

155 1081 157 1089 ι
212 1031 396 1133 impositis,
425 1031 541 1131 spatiis
581 1031 722 1104 internis
760 1030 863 1133 septis
907 1059 975 1106 non
1013 1033 1151 1108 divisis:

211 1137 437 1230 Lnnnncmos
464 1134 528 1206 tria
552 1159 677 1236 genera
692 1133 764 1208 huc
786 1133 912 1228 refert,'
935 1137 1152 1226 Miliolom,

210 1240 420 1313 Meloninm
439 1250 475 1309 et
497 1237 755 1337 Gprogonom:
773 1238 929 1311 Miliola
945 1262 1028 1312 vero
1043 1241 1153 1314 solnm

212 1369 253 1416 ex
282 1340 334 1414 his
365 1360 569 1442 genesen,
602 1338 698 1441 quod
728 1360 884 1414 naturam
924 1342 1153 1417 conchaceam

210 1443 370 1522 distincte
389 1444 527 1542 probet':
552 1444 602 1519 uti
626 1468 746 1542 nempe
760 1445 1002 1520 Dnsnnansmo
1028 1446 1154 1536 Gyre-

207 1575 306 1650 gona
325 1550 497 1620 structuri
519 1549 620 1648 piane
643 1546 825 1620 convenire
857 1571 940 1622 cum
965 1549 1152 1623 seminibus

213 1651 353 1723 Cinarae
378 1651 542 1750 vulgaris
559 1651 632 1725 visa
654 1669 702 1723 est
715 1650 810 1750 (19),
829 1650 875 1723 ita
895 1650 999 1724 etiam·
1017 1653 1149 1725 Melo-

210 1758 311 1826 niom
344 1780 457 1826 semen
486 1754 653 1826 habemns
690 1755 870 1854 cujusdam
904 1754 1075 1827 Ceramit'.
1106 1799 1150 1813 -

209 1856 251 1930 In
262 1858 533 1933 Nummnliteis.
547 1858 593 1929 N.
611 1857 783 1930 mifractus
811 1857 972 1957 eseptis'
986 1877 1153 1932 concate-

209 1961 297 2033 natis
318 1959 496 2058 compositi
520 1979 616 2051 sunt‚
635 1959 793 2056 pluribus
813 1959 945 2034 laminis
969 1962 1035 2035 sibi
1056 1962 1149 2034 invi-

211 2087 284 2135 cem
302 2061 546 2152 contabulatis,
570 2059 715 2134 obtectis
727 2061 804 2134 :hic
817 2062 903 2135 ordo
921 2089 1027 2138 unum
1042 2089 1152 2166 genus

210 2183 351 2252 tantum,
366 2165 411 2236 N
409 2166 674 2236 animalitatum
684 2189 817 2262 nempe,
832 2166 1151 2264 comprehendit-

209 2267 253 2339 In
279 2270 457 2364 Sepiarit's
490 2266 629 2340 tandem
649 2267 785 2340 eaedem
800 2268 944 2340 laminae
972 2270 1156 2342 Nummu-

134 2455 137 2470 Α
199 2372 358 2444 ,litorum
376 2371 476 2444 ctiam
487 2370 628 2463 adsunt,
644 2391 738 2469 septa
749 2391 970 2446 concatenata
984 2371 1024 2444 in
1040 2371 1155 2448 medio

209 2493 322 2548 autem
362 2473 496 2564 desunt.
532 2474 574 2547 In
600 2475 721 2571 Sepiis
754 2475 817 2548 hae
834 2478 1008 2550 calcareas
1029 2474 1155 2552 indolis

177 2643 182 2653 .
210 2595 308 2670 sunt,
335 2577 539 2651 columnulis
565 2577 908 2678 perpendicularibus
923 2579 959 2651 in
976 2578 1153 2682 quincun-

210 2703 289 2753 cem
300 2680 474 2782 dispositis
488 2682 710 2782 conjnnctae:
726 2681 762 2754 in
778 2682 1020 2784 Loliginibtea·
1033 2702 1151 2758 autem

209 2805 351 2856 corneae
377 2784 652 2886 columnulisqpe
680 2784 887 2860 intermediis
902 2785 1017 2860 nullis.
1035 2827 1079 2844 -
1096 2789 1153 2860 Ex
1258 2824 1260 2826 ·

211 2883 345 2960 diverse
363 2887 594 2970 *conformatis
617 2889 710 2962 testis
722 2889 830 2990 igitur
843 2888 983 2989 quidem
997 2907 1154 2964 constant
1180 2898 1184 2903 ’

212 2989 591 3063 Gontabtdototomnia
614 3017 695 3064 vero
710 2993 745 3063 in
757 3016 799 3064 eo
810 2991 1036 3082 conveniunt,
1054 2991 1155 3090 quod

208 3091 341 3166 laminis
381 3093 446 3166 sibi
485 3092 633 3168 invicem
675 3093 841 3193 impositis
885 3114 1150 3192 componuntur.

210 3195 342 3289 Sepine
366 3195 411 3267 ab
435 3194 500 3268 alia
525 3217 620 3296 parte
647 3199 838 3299 analogiam
863 3196 1047 3268 ostendunt
1072 3219 1152 3270 cum

253 3366 327 3459 (19)
344 3367 420 3435 Vid.
436 3366 570 3434 Bulletin
586 3368 663 3435 dela
676 3369 795 3437 Societd
806 3369 1035 3458 Philomatique
1051 3368 1150 3455 1810,

210 3481 281 3548 pag.
295 3457 368 3549 275,
379 3455 424 3546 pl.
443 3479 474 3543 2,
495 3457 547 3541 fig.
565 3459 596 3542 5,
608 3458 679 3522 ab.
696 3459 928 3525 c.-·Audimus
958 3482 1031 3525 vero
1055 3458 1151 3525 hanc·

211 3572 246 3614 ce
275 3548 457 3614 sententiam
491 3547 727 3612 Dnsntnnsnn
753 3546 953 3614 celeberrimo
985 3547 1146 3614 Konmso

210 3638 342 3704 minime
372 3635 571 3726 probabilem
595 3635 694 3700 videri
721 3652 751 3700 et
781 3634 922 3703 dolemus
949 3660 1021 3726 crgo
1041 3637 1154 3724 voldc,⁸

210 3727 380 3816 specimine
404 3727 497 3796 nobis
524 3725 691 3814 admontis
709 3747 775 3792 non
793 3748 871 3796 esse..
