<?xml version="1.0" encoding="UTF-8"?>
<!DOCTYPE html PUBLIC "-//W3C//DTD XHTML 1.0 Transitional//EN"
    "http://www.w3.org/TR/xhtml1/DTD/xhtml1-transitional.dtd">
<html xmlns="http://www.w3.org/1999/xhtml" xml:lang="en" lang="en">
 <head>
  <title>
</title>
<meta http-equiv="Content-Type" content="text/html;charset=utf-8" />
  <meta name='ocr-system' content='tesseract 3.04.00' />
  <meta name='ocr-capabilities' content='ocr_page ocr_carea ocr_par ocr_line ocrx_word'/>
</head>
<body>
  <div class='ocr_page' id='page_1' title='image "./monographiaeamm00haangoog_0015.png"; bbox 0 0 2952 4838; ppageno 0'>
   <div class='ocr_carea' id='block_1_1' title="bbox 288 583 1263 1189">
    <p class='ocr_par' dir='ltr' id='par_1_1' title="bbox 331 583 823 630">
     <span class='ocr_line' id='line_1_1' title="bbox 331 583 823 630; baseline 0.004 -9"><span class='ocrx_word' id='word_1_1' title='bbox 331 583 354 630; x_wconf 80' lang='lat'>2</span> <span class='ocrx_word' id='word_1_2' title='bbox 779 587 823 623; x_wconf 83' lang='lat'><strong><em>=</em></strong></span> 
     </span>
    </p>

    <p class='ocr_par' dir='ltr' id='par_1_2' title="bbox 288 669 1263 1189">
     <span class='ocr_line' id='line_1_2' title="bbox 288 669 1262 782; baseline 0.002 -26"><span class='ocrx_word' id='word_1_3' title='bbox 288 669 291 676; x_wconf 59' lang='grc'><strong>’</strong></span> <span class='ocrx_word' id='word_1_4' title='bbox 331 705 441 771; x_wconf 78' lang='lat' dir='ltr'><strong>rosa,</strong></span> <span class='ocrx_word' id='word_1_5' title='bbox 479 697 603 773; x_wconf 87' lang='lat' dir='ltr'><strong>recta,·</strong></span> <span class='ocrx_word' id='word_1_6' title='bbox 631 679 854 754; x_wconf 82' lang='lat' dir='ltr'><strong>nodorum</strong></span> <span class='ocrx_word' id='word_1_7' title='bbox 827 704 897 753; x_wconf 82' lang='lat' dir='ltr'><strong>stre</strong></span> <span class='ocrx_word' id='word_1_8' title='bbox 927 678 1146 782; x_wconf 82' lang='lat' dir='ltr'><strong>gangliorum</strong></span> <span class='ocrx_word' id='word_1_9' title='bbox 1178 685 1262 758; x_wconf 88' lang='lat' dir='ltr'><strong>serie</strong></span> 
     </span>
     <span class='ocr_line' id='line_1_3' title="bbox 331 780 1260 901; baseline 0.006 -46"><span class='ocrx_word' id='word_1_10' title='bbox 331 784 544 882; x_wconf 84' lang='lat' dir='ltr'><strong>intercepta,</strong></span> <span class='ocrx_word' id='word_1_11' title='bbox 574 783 725 882; x_wconf 90' lang='lat' dir='ltr'><strong>corporis</strong></span> <span class='ocrx_word' id='word_1_12' title='bbox 756 780 1003 901; x_wconf 85' lang='lat' dir='ltr'>longitudinem</span> <span class='ocrx_word' id='word_1_13' title='bbox 1037 810 1260 882; x_wconf 87' lang='lat' dir='ltr'><strong>percurrens,</strong></span> 
     </span>
     <span class='ocr_line' id='line_1_4' title="bbox 330 884 1263 984; baseline 0.006 -27"><span class='ocrx_word' id='word_1_14' title='bbox 330 887 377 958; x_wconf 86' lang='lat' dir='ltr'><strong>ad</strong></span> <span class='ocrx_word' id='word_1_15' title='bbox 407 909 575 984; x_wconf 88' lang='lat' dir='ltr'><strong>quemque</strong></span> <span class='ocrx_word' id='word_1_16' title='bbox 606 884 786 957; x_wconf 89' lang='lat' dir='ltr'><strong>articulum</strong></span> <span class='ocrx_word' id='word_1_17' title='bbox 807 910 916 956; x_wconf 90' lang='lat' dir='ltr'><strong>ramos</strong></span> <span class='ocrx_word' id='word_1_18' title='bbox 940 886 1117 958; x_wconf 89' lang='lat' dir='ltr'><strong>emittens:</strong></span> <span class='ocrx_word' id='word_1_19' title='bbox 1139 890 1235 962; x_wconf 84' lang='lat' dir='ltr'><strong>alia</strong></span> <span class='ocrx_word' id='word_1_20' title='bbox 1225 917 1263 963; x_wconf 90' lang='grc' dir='ltr'><strong>ιιι</strong></span> 
     </span>
     <span class='ocr_line' id='line_1_5' title="bbox 331 987 1262 1088; baseline 0.005 -28"><span class='ocrx_word' id='word_1_21' title='bbox 331 987 459 1088; x_wconf 87' lang='lat' dir='ltr'><strong>quibus</strong></span> <span class='ocrx_word' id='word_1_22' title='bbox 474 988 557 1069; x_wconf 78' lang='lat' dir='ltr'><strong>remi</strong></span> <span class='ocrx_word' id='word_1_23' title='bbox 579 989 679 1086; x_wconf 76' lang='lat' dir='ltr'><strong>uagi,</strong></span> <span class='ocrx_word' id='word_1_24' title='bbox 705 1013 724 1057; x_wconf 88' lang='lat' dir='ltr'><strong>e</strong></span> <span class='ocrx_word' id='word_1_25' title='bbox 744 987 889 1084; x_wconf 87' lang='lat' dir='ltr'><strong>diversis</strong></span> <span class='ocrx_word' id='word_1_26' title='bbox 905 989 1041 1086; x_wconf 91' lang='lat' dir='ltr'><strong>punctis</strong></span> <span class='ocrx_word' id='word_1_27' title='bbox 1057 991 1262 1065; x_wconf 84' lang='lat' dir='ltr'><strong>centralibus</strong></span> 
     </span>
     <span class='ocr_line' id='line_1_6' title="bbox 328 1085 1262 1189; baseline 0.003 -25.007"><span class='ocrx_word' id='word_1_28' title='bbox 328 1090 416 1180; x_wconf 86' lang='lat' dir='ltr'><strong>orti,</strong></span> <span class='ocrx_word' id='word_1_29' title='bbox 444 1113 569 1188; x_wconf 89' lang='lat' dir='ltr'><strong>corpus</strong></span> <span class='ocrx_word' id='word_1_30' title='bbox 591 1107 764 1186; x_wconf 83' lang='lat' dir='ltr'><strong>permeant</strong></span> <span class='ocrx_word' id='word_1_31' title='bbox 785 1090 873 1162; x_wconf 91' lang='lat' dir='ltr'><strong>vel</strong></span> <span class='ocrx_word' id='word_1_32' title='bbox 864 1115 897 1160; x_wconf 88' lang='grc' dir='ltr'><strong>ιιι</strong></span> <span class='ocrx_word' id='word_1_33' title='bbox 924 1085 1055 1188; x_wconf 88' lang='lat' dir='ltr'><strong>quibus</strong></span> <span class='ocrx_word' id='word_1_34' title='bbox 1069 1093 1168 1189; x_wconf 91' lang='lat' dir='ltr'><strong>plane</strong></span> <span class='ocrx_word' id='word_1_35' title='bbox 1195 1093 1262 1167; x_wconf 86' lang='lat' dir='ltr'><strong>de-</strong></span> 
     </span>
    </p>
   </div>
   <div class='ocr_carea' id='block_1_2' title="bbox 329 1145 1263 1404">
    <p class='ocr_par' dir='ltr' id='par_1_3' title="bbox 329 1145 1263 1400">
     <span class='ocr_line' id='line_1_7' title="bbox 330 1145 1263 1354; baseline 0.001 -85"><span class='ocrx_word' id='word_1_36' title='bbox 330 1145 533 1270; x_wconf 69' lang='lat' dir='ltr'><strong>siderentur.</strong></span> <span class='ocrx_word' id='word_1_37' title='bbox 553 1191 616 1261; x_wconf 86' lang='lat' dir='ltr'><strong>Illa</strong></span> <span class='ocrx_word' id='word_1_38' title='bbox 636 1194 796 1264; x_wconf 75' lang='lat' dir='ltr'><strong>Articul</strong></span> <span class='ocrx_word' id='word_1_39' title='bbox 791 1205 870 1354; x_wconf 77' lang='lat' dir='ltr'><strong>ata,</strong></span> <span class='ocrx_word' id='word_1_40' title='bbox 887 1191 971 1268; x_wconf 86' lang='lat' dir='ltr'><strong>haec</strong></span> <span class='ocrx_word' id='word_1_41' title='bbox 989 1195 1176 1269; x_wconf 78' lang='lat' dir='ltr'><strong>Mollusou</strong></span> <span class='ocrx_word' id='word_1_42' title='bbox 1197 1197 1263 1314; x_wconf 81' lang='lat' dir='ltr'><strong>Cn·</strong></span> 
     </span>
     <span class='ocr_line' id='line_1_8' title="bbox 329 1295 788 1404; baseline -0.024 -30"><span class='ocrx_word' id='word_1_43' title='bbox 329 1321 463 1375; x_wconf 81' lang='lat' dir='ltr'><strong>vtumus</strong></span> <span class='ocrx_word' id='word_1_44' title='bbox 488 1295 788 1404; x_wconf 16' lang='lat' dir='ltr'><strong>nuncupavit,</strong></span> 
     </span>
    </p>
   </div>
   <div class='ocr_carea' id='block_1_3' title="bbox 278 1395 1264 2306">
    <p class='ocr_par' dir='ltr' id='par_1_4' title="bbox 278 1395 1263 2263">
     <span class='ocr_line' id='line_1_9' title="bbox 379 1395 1262 1538; baseline 0.006 -21"><span class='ocrx_word' id='word_1_45' title='bbox 379 1445 557 1522; x_wconf 81' lang='lat' dir='ltr'><strong>Vermium</strong></span> <span class='ocrx_word' id='word_1_46' title='bbox 567 1445 709 1538; x_wconf 82' lang='lat' dir='ltr'><strong>formam</strong></span> <span class='ocrx_word' id='word_1_47' title='bbox 728 1395 928 1518; x_wconf 74' lang='lat' dir='ltr'><strong>aemulantia</strong></span> <span class='ocrx_word' id='word_1_48' title='bbox 940 1413 1153 1538; x_wconf 81' lang='lat' dir='ltr'><strong>Annulata,</strong></span> <span class='ocrx_word' id='word_1_49' title='bbox 1166 1449 1262 1522; x_wconf 87' lang='lat' dir='ltr'><strong>bran-</strong></span> 
     </span>
     <span class='ocr_line' id='line_1_10' title="bbox 330 1545 1262 1635; baseline 0.002 -12"><span class='ocrx_word' id='word_1_50' title='bbox 330 1547 415 1623; x_wconf 85' lang='lat' dir='ltr'><strong>chiis</strong></span> <span class='ocrx_word' id='word_1_51' title='bbox 431 1547 574 1621; x_wconf 78' lang='lat' dir='ltr'><strong>externis</strong></span> <span class='ocrx_word' id='word_1_52' title='bbox 592 1545 715 1622; x_wconf 76' lang='lat' dir='ltr'><strong>donata</strong></span> <span class='ocrx_word' id='word_1_53' title='bbox 730 1547 936 1635; x_wconf 73' lang='lat' dir='ltr'><strong>Crustacea&#39;,</strong></span> <span class='ocrx_word' id='word_1_54' title='bbox 948 1549 1108 1622; x_wconf 88' lang='lat' dir='ltr'><strong>mirandis</strong></span> <span class='ocrx_word' id='word_1_55' title='bbox 1119 1550 1184 1625; x_wconf 87' lang='lat' dir='ltr'><strong>illis</strong></span> <span class='ocrx_word' id='word_1_56' title='bbox 1198 1577 1262 1624; x_wconf 89' lang='lat' dir='ltr'><strong>me·</strong></span> 
     </span>
     <span class='ocr_line' id='line_1_11' title="bbox 329 1641 1264 1750; baseline 0.006 -26"><span class='ocrx_word' id='word_1_57' title='bbox 329 1641 599 1750; x_wconf 84' lang='lat' dir='ltr'><strong>lamorphosibus</strong></span> <span class='ocrx_word' id='word_1_58' title='bbox 615 1651 768 1749; x_wconf 71' lang='lat' dir='ltr'><strong>subjecta</strong></span> <span class='ocrx_word' id='word_1_59' title='bbox 782 1649 905 1723; x_wconf 79' lang='lat' dir='ltr'><strong>Insect</strong></span> <span class='ocrx_word' id='word_1_60' title='bbox 891 1665 939 1742; x_wconf 87' lang='lat' dir='ltr'><strong>ta,</strong></span> <span class='ocrx_word' id='word_1_61' title='bbox 955 1653 1125 1725; x_wconf 88' lang='lat' dir='ltr'><strong>branchiis</strong></span> <span class='ocrx_word' id='word_1_62' title='bbox 1136 1651 1190 1726; x_wconf 87' lang='lat' dir='ltr'><strong>vel</strong></span> <span class='ocrx_word' id='word_1_63' title='bbox 1201 1673 1264 1730; x_wconf 89' lang='lat' dir='ltr'><strong>tra·</strong></span> 
     </span>
     <span class='ocr_line' id='line_1_12' title="bbox 329 1752 1263 1852; baseline 0.002 -24"><span class='ocrx_word' id='word_1_64' title='bbox 329 1755 422 1828; x_wconf 91' lang='lat' dir='ltr'><strong>cheis</strong></span> <span class='ocrx_word' id='word_1_65' title='bbox 441 1752 616 1852; x_wconf 86' lang='lat' dir='ltr'><strong>praedita</strong></span> <span class='ocrx_word' id='word_1_66' title='bbox 614 1753 881 1824; x_wconf 79' lang='lat' dir='ltr'><strong>Arocbnordeo</strong></span> <span class='ocrx_word' id='word_1_67' title='bbox 891 1779 1033 1852; x_wconf 76' lang='lat' dir='ltr'><strong>primam</strong></span> <span class='ocrx_word' id='word_1_68' title='bbox 1052 1755 1263 1833; x_wconf 88' lang='lat' dir='ltr'><strong>constituunt</strong></span> 
     </span>
     <span class='ocr_line' id='line_1_13' title="bbox 278 1841 1261 1957; baseline 0.003 -27"><span class='ocrx_word' id='word_1_69' title='bbox 278 1863 279 1870; x_wconf 75' lang='grc'>’</span> <span class='ocrx_word' id='word_1_70' title='bbox 329 1841 453 1930; x_wconf 82' lang='lat' dir='ltr'><strong>tribum</strong></span> <span class='ocrx_word' id='word_1_71' title='bbox 469 1844 669 1928; x_wconf 80' lang='lat' dir='ltr'><strong>animalium</strong></span> <span class='ocrx_word' id='word_1_72' title='bbox 677 1851 955 1928; x_wconf 78' lang='lat' dir='ltr'><strong>articuletorum:</strong></span> <span class='ocrx_word' id='word_1_73' title='bbox 976 1882 1122 1957; x_wconf 88' lang='lat' dir='ltr'><strong>quorum</strong></span> <span class='ocrx_word' id='word_1_74' title='bbox 1141 1859 1261 1952; x_wconf 85' lang='lat' dir='ltr'><strong>forma,</strong></span> 
     </span>
     <span class='ocr_line' id='line_1_14' title="bbox 329 1958 1261 2070; baseline 0.001 -39"><span class='ocrx_word' id='word_1_75' title='bbox 329 1958 554 2032; x_wconf 80' lang='lat' dir='ltr'><strong>mediantibus</strong></span> <span class='ocrx_word' id='word_1_76' title='bbox 576 1958 822 2052; x_wconf 69' lang='lat' dir='ltr'><strong>Cirrlrr&#39;p&#39;rodr&#39;e,</strong></span> <span class='ocrx_word' id='word_1_77' title='bbox 844 1959 970 2070; x_wconf 88' lang='lat' dir='ltr'><strong>quibus</strong></span> <span class='ocrx_word' id='word_1_78' title='bbox 994 1984 1120 2059; x_wconf 88' lang='lat' dir='ltr'><strong>corpus</strong></span> <span class='ocrx_word' id='word_1_79' title='bbox 1142 1963 1261 2053; x_wconf 89' lang='lat' dir='ltr'><strong>molle,</strong></span> 
     </span>
     <span class='ocr_line' id='line_1_15' title="bbox 330 2061 1262 2155; baseline 0.002 -21"><span class='ocrx_word' id='word_1_80' title='bbox 330 2062 499 2134; x_wconf 86' lang='lat' dir='ltr'><strong>tentacula</strong></span> <span class='ocrx_word' id='word_1_81' title='bbox 518 2085 598 2134; x_wconf 84' lang='lat' dir='ltr'><strong>vero</strong></span> <span class='ocrx_word' id='word_1_82' title='bbox 622 2061 800 2132; x_wconf 80' lang='lat' dir='ltr'><strong>articulata</strong></span> <span class='ocrx_word' id='word_1_83' title='bbox 837 2081 938 2155; x_wconf 86' lang='lat' dir='ltr'><strong>sunt,</strong></span> <span class='ocrx_word' id='word_1_84' title='bbox 965 2085 1042 2136; x_wconf 88' lang='lat' dir='ltr'><strong>cum</strong></span> <span class='ocrx_word' id='word_1_85' title='bbox 1065 2065 1262 2137; x_wconf 73' lang='lat' dir='ltr'><strong>Mollusc‘t&#39;s</strong></span> 
     </span>
     <span class='ocr_line' id='line_1_16' title="bbox 329 2162 924 2306; baseline 0.002 -70"><span class='ocrx_word' id='word_1_86' title='bbox 329 2185 363 2238; x_wconf 87' lang='lat' dir='ltr'><strong>et</strong></span> <span class='ocrx_word' id='word_1_87' title='bbox 374 2165 594 2272; x_wconf 65' lang='lat' dir='ltr'><strong>Zoopltpttis</strong></span> <span class='ocrx_word' id='word_1_88' title='bbox 614 2162 855 2306; x_wconf 81' lang='lat' dir='ltr'><strong>conjungitur.</strong></span> <span class='ocrx_word' id='word_1_89' title='bbox 921 2187 924 2198; x_wconf 91' lang='lat'><em>·</em></span> 
     </span>
    </p>
   </div>
   <div class='ocr_carea' id='block_1_4' title="bbox 380 2293 1262 2415">
    <p class='ocr_par' dir='ltr' id='par_1_5' title="bbox 380 2293 1262 2415">
     <span class='ocr_line' id='line_1_17' title="bbox 380 2293 1262 2415; baseline 0.005 -29"><span class='ocrx_word' id='word_1_90' title='bbox 380 2317 435 2388; x_wconf 82' lang='lat' dir='ltr'><strong>Ab</strong></span> <span class='ocrx_word' id='word_1_91' title='bbox 460 2313 525 2386; x_wconf 90' lang='lat' dir='ltr'><strong>alia</strong></span> <span class='ocrx_word' id='word_1_92' title='bbox 547 2297 630 2390; x_wconf 76' lang='lat' dir='ltr'><strong>rere</strong></span> <span class='ocrx_word' id='word_1_93' title='bbox 650 2293 767 2412; x_wconf 78' lang='lat' dir='ltr'><strong>parte,</strong></span> <span class='ocrx_word' id='word_1_94' title='bbox 792 2313 920 2415; x_wconf 90' lang='lat' dir='ltr'><strong>quibus</strong></span> <span class='ocrx_word' id='word_1_95' title='bbox 942 2313 1090 2390; x_wconf 87' lang='lat' dir='ltr'><strong>medulla</strong></span> <span class='ocrx_word' id='word_1_96' title='bbox 1114 2316 1172 2390; x_wconf 87' lang='lat' dir='ltr'><strong>illa</strong></span> <span class='ocrx_word' id='word_1_97' title='bbox 1194 2341 1262 2390; x_wconf 88' lang='lat' dir='ltr'><strong>no-</strong></span> 
     </span>
    </p>
   </div>
   <div class='ocr_carea' id='block_1_5' title="bbox 329 2417 1266 3861">
    <p class='ocr_par' dir='ltr' id='par_1_6' title="bbox 329 2417 1263 2620">
     <span class='ocr_line' id='line_1_18' title="bbox 329 2417 1263 2531; baseline 0.002 -39"><span class='ocrx_word' id='word_1_98' title='bbox 329 2417 412 2492; x_wconf 87' lang='lat' dir='ltr'><strong>dosa</strong></span> <span class='ocrx_word' id='word_1_99' title='bbox 444 2434 567 2531; x_wconf 80' lang='lat' dir='ltr'><strong>negata</strong></span> <span class='ocrx_word' id='word_1_100' title='bbox 600 2434 675 2510; x_wconf 81' lang='lat' dir='ltr'><strong>est,</strong></span> <span class='ocrx_word' id='word_1_101' title='bbox 710 2439 834 2515; x_wconf 83' lang='lat' dir='ltr'><strong>corpus</strong></span> <span class='ocrx_word' id='word_1_102' title='bbox 859 2437 908 2491; x_wconf 88' lang='lat' dir='ltr'><strong>est</strong></span> <span class='ocrx_word' id='word_1_103' title='bbox 937 2419 1056 2511; x_wconf 87' lang='lat' dir='ltr'><strong>molle,</strong></span> <span class='ocrx_word' id='word_1_104' title='bbox 1089 2418 1263 2494; x_wconf 89' lang='lat' dir='ltr'><strong>obtectum</strong></span> 
     </span>
     <span class='ocr_line' id='line_1_19' title="bbox 331 2516 1262 2620; baseline -0.001 -27"><span class='ocrx_word' id='word_1_105' title='bbox 331 2517 460 2593; x_wconf 87' lang='lat' dir='ltr'><strong>concha</strong></span> <span class='ocrx_word' id='word_1_106' title='bbox 487 2516 652 2592; x_wconf 86' lang='lat' dir='ltr'><strong>laminave</strong></span> <span class='ocrx_word' id='word_1_107' title='bbox 679 2535 738 2590; x_wconf 89' lang='lat' dir='ltr'><strong>aut</strong></span> <span class='ocrx_word' id='word_1_108' title='bbox 765 2518 860 2592; x_wconf 88' lang='lat' dir='ltr'><strong>nullo</strong></span> <span class='ocrx_word' id='word_1_109' title='bbox 869 2545 1024 2620; x_wconf 85' lang='lat' dir='ltr'><strong>prorsus</strong></span> <span class='ocrx_word' id='word_1_110' title='bbox 1041 2519 1212 2594; x_wconf 89' lang='lat' dir='ltr'><strong>duriori</strong></span> <span class='ocrx_word' id='word_1_111' title='bbox 1202 2547 1262 2600; x_wconf 86' lang='lat' dir='ltr'><strong>rn-</strong></span> 
     </span>
    </p>

    <p class='ocr_par' dir='ltr' id='par_1_7' title="bbox 329 2619 1265 2924">
     <span class='ocr_line' id='line_1_20' title="bbox 329 2619 1263 2739; baseline 0.001 -45"><span class='ocrx_word' id='word_1_112' title='bbox 329 2639 523 2739; x_wconf 80' lang='lat' dir='ltr'><strong>tegumento</strong></span> <span class='ocrx_word' id='word_1_113' title='bbox 544 2619 709 2694; x_wconf 89' lang='lat' dir='ltr'><strong>vestitum</strong></span> <span class='ocrx_word' id='word_1_114' title='bbox 723 2621 761 2690; x_wconf 92' lang='lat' dir='ltr'><strong>E</strong></span> <span class='ocrx_word' id='word_1_115' title='bbox 781 2621 906 2722; x_wconf 84' lang='lat' dir='ltr'><strong>quibus</strong></span> <span class='ocrx_word' id='word_1_116' title='bbox 926 2649 1014 2722; x_wconf 87' lang='lat' dir='ltr'><strong>quae</strong></span> <span class='ocrx_word' id='word_1_117' title='bbox 1034 2626 1263 2696; x_wconf 80' lang='lat' dir='ltr'><strong>Articulatr&#39;s</strong></span> 
     </span>
     <span class='ocr_line' id='line_1_21' title="bbox 329 2724 1265 2826; baseline 0.003 -30"><span class='ocrx_word' id='word_1_118' title='bbox 329 2724 562 2824; x_wconf 85' lang='lat' dir='ltr'><strong>perfectiora</strong></span> <span class='ocrx_word' id='word_1_119' title='bbox 555 2741 650 2818; x_wconf 89' lang='lat' dir='ltr'><strong>sunt,</strong></span> <span class='ocrx_word' id='word_1_120' title='bbox 672 2724 775 2797; x_wconf 80' lang='lat' dir='ltr'><strong>Motl</strong></span> <span class='ocrx_word' id='word_1_121' title='bbox 773 2751 883 2799; x_wconf 83' lang='lat' dir='ltr'><strong>usco:</strong></span> <span class='ocrx_word' id='word_1_122' title='bbox 902 2752 990 2826; x_wconf 89' lang='lat' dir='ltr'><strong>quae</strong></span> <span class='ocrx_word' id='word_1_123' title='bbox 1014 2725 1265 2824; x_wconf 82' lang='lat' dir='ltr'><strong>imperfectiora</strong></span> 
     </span>
     <span class='ocr_line' id='line_1_22' title="bbox 329 2807 1262 2924; baseline 0.002 -24"><span class='ocrx_word' id='word_1_124' title='bbox 329 2829 535 2924; x_wconf 68' lang='lat' dir='ltr'><strong>Zooplryta</strong></span> <span class='ocrx_word' id='word_1_125' title='bbox 547 2807 601 2912; x_wconf 77' lang='lat' dir='ltr'><strong>rel</strong></span> <span class='ocrx_word' id='word_1_126' title='bbox 626 2826 828 2898; x_wconf 85' lang='lat' dir='ltr'><strong>Animalia</strong></span> <span class='ocrx_word' id='word_1_127' title='bbox 849 2829 991 2900; x_wconf 82' lang='lat' dir='ltr'><strong>radiata</strong></span> <span class='ocrx_word' id='word_1_128' title='bbox 1006 2827 1175 2902; x_wconf 84' lang='lat' dir='ltr'><strong>Cuvrrmo</strong></span> <span class='ocrx_word' id='word_1_129' title='bbox 1194 2854 1262 2904; x_wconf 81' lang='lat' dir='ltr'><strong>vo-</strong></span> 
     </span>
    </p>

    <p class='ocr_par' dir='ltr' id='par_1_8' title="bbox 330 2921 1261 3027">
     <span class='ocr_line' id='line_1_23' title="bbox 330 2921 1261 3027; baseline -0.001 -25"><span class='ocrx_word' id='word_1_130' title='bbox 330 2948 463 3004; x_wconf 88' lang='lat' dir='ltr'><strong>cantur.</strong></span> <span class='ocrx_word' id='word_1_131' title='bbox 493 2929 681 3019; x_wconf 78' lang='lat' dir='ltr'><strong>Radiotu,</strong></span> <span class='ocrx_word' id='word_1_132' title='bbox 712 2929 864 3002; x_wconf 79' lang='grc' dir='ltr'>Τιιιιὶοαι</span> <span class='ocrx_word' id='word_1_133' title='bbox 850 2941 887 3002; x_wconf 85' lang='lat' dir='ltr'><strong>ta</strong></span> <span class='ocrx_word' id='word_1_134' title='bbox 907 2928 1077 3020; x_wconf 76' lang='lat' dir='ltr'><strong>Srvrcnr,</strong></span> <span class='ocrx_word' id='word_1_135' title='bbox 1090 2921 1171 3002; x_wconf 93' lang='lat' dir='ltr'><strong>Po</strong></span> <span class='ocrx_word' id='word_1_136' title='bbox 1159 2956 1261 3027; x_wconf 84' lang='lat' dir='ltr'><strong>ypr</strong></span> 
     </span>
    </p>

    <p class='ocr_par' dir='ltr' id='par_1_9' title="bbox 329 3030 1264 3336">
     <span class='ocr_line' id='line_1_24' title="bbox 330 3030 1263 3132; baseline 0 -28"><span class='ocrx_word' id='word_1_137' title='bbox 330 3036 418 3132; x_wconf 78' lang='lat' dir='ltr'><strong>qttae</strong></span> <span class='ocrx_word' id='word_1_138' title='bbox 434 3031 564 3124; x_wconf 87' lang='lat' dir='ltr'><strong>omnia,</strong></span> <span class='ocrx_word' id='word_1_139' title='bbox 597 3049 734 3104; x_wconf 87' lang='lat' dir='ltr'><strong>auctore</strong></span> <span class='ocrx_word' id='word_1_140' title='bbox 754 3030 942 3125; x_wconf 81' lang='lat' dir='ltr'><strong>Cuvrnmo,</strong></span> <span class='ocrx_word' id='word_1_141' title='bbox 965 3031 1141 3130; x_wconf 85' lang='lat' dir='ltr'><strong>posteriori</strong></span> <span class='ocrx_word' id='word_1_142' title='bbox 1166 3032 1263 3104; x_wconf 89' lang='lat' dir='ltr'><strong>seriei</strong></span> 
     </span>
     <span class='ocr_line' id='line_1_25' title="bbox 329 3086 1264 3224; baseline 0 -18"><span class='ocrx_word' id='word_1_143' title='bbox 329 3086 582 3207; x_wconf 81' lang='lat' dir='ltr'><strong>annumeranda</strong></span> <span class='ocrx_word' id='word_1_144' title='bbox 610 3151 712 3224; x_wconf 84' lang='lat' dir='ltr'><strong>sunt,</strong></span> <span class='ocrx_word' id='word_1_145' title='bbox 739 3133 881 3208; x_wconf 87' lang='lat' dir='ltr'><strong>formam</strong></span> <span class='ocrx_word' id='word_1_146' title='bbox 913 3133 1074 3207; x_wconf 86' lang='lat' dir='ltr'><strong>radiatam</strong></span> <span class='ocrx_word' id='word_1_147' title='bbox 1107 3133 1264 3208; x_wconf 88' lang='lat' dir='ltr'><strong>distincte</strong></span> 
     </span>
     <span class='ocr_line' id='line_1_26' title="bbox 329 3224 1262 3354; baseline 0 -46"><span class='ocrx_word' id='word_1_148' title='bbox 329 3231 512 3309; x_wconf 85' lang='lat' dir='ltr'><strong>ostendunt</strong></span> <span class='ocrx_word' id='word_1_149' title='bbox 531 3233 618 3310; x_wconf 85' lang='lat' dir='ltr'><strong>vel</strong></span> <span class='ocrx_word' id='word_1_150' title='bbox 608 3262 642 3307; x_wconf 87' lang='grc' dir='ltr'><strong>ιιι</strong></span> <span class='ocrx_word' id='word_1_151' title='bbox 664 3250 732 3308; x_wconf 88' lang='lat' dir='ltr'><strong>tota</strong></span> <span class='ocrx_word' id='word_1_152' title='bbox 760 3235 920 3354; x_wconf 77' lang='lat' dir='ltr'><strong>eorporis</strong></span> <span class='ocrx_word' id='word_1_153' title='bbox 929 3224 1036 3310; x_wconf 80' lang='lat' dir='ltr'><strong>forma</strong></span> <span class='ocrx_word' id='word_1_154' title='bbox 1055 3237 1136 3312; x_wconf 90' lang='lat' dir='ltr'><strong>vel</strong></span> <span class='ocrx_word' id='word_1_155' title='bbox 1126 3264 1159 3308; x_wconf 90' lang='lat' dir='ltr'><strong>m</strong></span> <span class='ocrx_word' id='word_1_156' title='bbox 1185 3255 1262 3309; x_wconf 86' lang='lat' dir='ltr'><strong>ten-</strong></span> 
     </span>
    </p>

    <p class='ocr_par' dir='ltr' id='par_1_10' title="bbox 329 3337 1266 3852">
     <span class='ocr_line' id='line_1_27' title="bbox 330 3337 1263 3440; baseline 0.003 -31"><span class='ocrx_word' id='word_1_157' title='bbox 330 3339 519 3410; x_wconf 89' lang='lat' dir='ltr'><strong>taculormn</strong></span> <span class='ocrx_word' id='word_1_158' title='bbox 517 3337 749 3440; x_wconf 81' lang='lat' dir='ltr'><strong>dispositione</strong></span> <span class='ocrx_word' id='word_1_159' title='bbox 764 3339 852 3413; x_wconf 90' lang='lat' dir='ltr'><strong>vel</strong></span> <span class='ocrx_word' id='word_1_160' title='bbox 843 3367 877 3411; x_wconf 89' lang='lat' dir='ltr'><strong>m</strong></span> <span class='ocrx_word' id='word_1_161' title='bbox 900 3337 1130 3416; x_wconf 80' lang='lat' dir='ltr'><strong>musculorum</strong></span> <span class='ocrx_word' id='word_1_162' title='bbox 1154 3338 1263 3440; x_wconf 78' lang='lat' dir='ltr'><strong>diver-</strong></span> 
     </span>
     <span class='ocr_line' id='line_1_28' title="bbox 330 3425 1263 3544; baseline 0.005 -35"><span class='ocrx_word' id='word_1_163' title='bbox 330 3441 458 3540; x_wconf 81' lang='lat' dir='ltr'><strong>gentio</strong></span> <span class='ocrx_word' id='word_1_164' title='bbox 483 3442 582 3530; x_wconf 88' lang='lat' dir='ltr'><strong>Quae</strong></span> <span class='ocrx_word' id='word_1_165' title='bbox 609 3468 690 3513; x_wconf 87' lang='lat' dir='ltr'><strong>vero</strong></span> <span class='ocrx_word' id='word_1_166' title='bbox 713 3461 881 3544; x_wconf 75' lang='lat' dir='ltr'><strong>caeterum</strong></span> <span class='ocrx_word' id='word_1_167' title='bbox 906 3444 1003 3516; x_wconf 85' lang='lat' dir='ltr'><strong>etiam</strong></span> <span class='ocrx_word' id='word_1_168' title='bbox 1040 3441 1085 3513; x_wconf 87' lang='lat' dir='ltr'><strong>ab</strong></span> <span class='ocrx_word' id='word_1_169' title='bbox 1110 3441 1169 3514; x_wconf 92' lang='lat' dir='ltr'><strong>illo</strong></span> <span class='ocrx_word' id='word_1_170' title='bbox 1188 3425 1263 3514; x_wconf 78' lang='lat' dir='ltr'><strong>huc</strong></span> 
     </span>
     <span class='ocr_line' id='line_1_29' title="bbox 329 3542 1262 3648; baseline 0 -32"><span class='ocrx_word' id='word_1_171' title='bbox 329 3542 523 3638; x_wconf 85' lang='lat' dir='ltr'><strong>referuntur</strong></span> <span class='ocrx_word' id='word_1_172' title='bbox 549 3545 601 3614; x_wconf 86' lang='lat' dir='ltr'><em>V</em></span> <span class='ocrx_word' id='word_1_173' title='bbox 596 3570 709 3616; x_wconf 83' lang='lat' dir='ltr'><strong>ermes</strong></span> <span class='ocrx_word' id='word_1_174' title='bbox 733 3564 766 3616; x_wconf 93' lang='lat' dir='ltr'><strong>et</strong></span> <span class='ocrx_word' id='word_1_175' title='bbox 786 3545 990 3648; x_wconf 82' lang='lat' dir='ltr'><strong>Infusorr&#39;a,</strong></span> <span class='ocrx_word' id='word_1_176' title='bbox 1013 3542 1148 3616; x_wconf 90' lang='lat' dir='ltr'><strong>minime</strong></span> <span class='ocrx_word' id='word_1_177' title='bbox 1171 3543 1262 3616; x_wconf 90' lang='lat' dir='ltr'><strong>illam</strong></span> 
     </span>
     <span class='ocr_line' id='line_1_30' title="bbox 330 3650 1266 3763; baseline 0.007 -47"><span class='ocrx_word' id='word_1_178' title='bbox 330 3669 478 3717; x_wconf 89' lang='lat' dir='ltr'><strong>normam</strong></span> <span class='ocrx_word' id='word_1_179' title='bbox 490 3666 689 3742; x_wconf 89' lang='lat' dir='ltr'><strong>sequuntur,</strong></span> <span class='ocrx_word' id='word_1_180' title='bbox 698 3673 805 3747; x_wconf 84' lang='lat' dir='ltr'><strong>quum</strong></span> <span class='ocrx_word' id='word_1_181' title='bbox 816 3650 908 3722; x_wconf 89' lang='lat' dir='ltr'><strong>nulla</strong></span> <span class='ocrx_word' id='word_1_182' title='bbox 919 3672 1046 3763; x_wconf 82' lang='lat' dir='ltr'><strong>organa</strong></span> <span class='ocrx_word' id='word_1_183' title='bbox 1057 3669 1120 3718; x_wconf 87' lang='lat' dir='ltr'><strong>nec</strong></span> <span class='ocrx_word' id='word_1_184' title='bbox 1128 3666 1266 3723; x_wconf 82' lang='lat' dir='ltr'><strong>externe</strong></span> 
     </span>
     <span class='ocr_line' id='line_1_31' title="bbox 330 3747 1262 3861; baseline -0.002 -37"><span class='ocrx_word' id='word_1_185' title='bbox 330 3771 394 3824; x_wconf 88' lang='lat' dir='ltr'><strong>nec</strong></span> <span class='ocrx_word' id='word_1_186' title='bbox 407 3748 549 3841; x_wconf 85' lang='lat' dir='ltr'><strong>interna,</strong></span> <span class='ocrx_word' id='word_1_187' title='bbox 561 3747 613 3821; x_wconf 92' lang='lat' dir='ltr'><strong>uti</strong></span> <span class='ocrx_word' id='word_1_188' title='bbox 625 3748 660 3820; x_wconf 93' lang='lat' dir='ltr'><strong>in</strong></span> <span class='ocrx_word' id='word_1_189' title='bbox 672 3751 905 3861; x_wconf 83' lang='lat' dir='ltr'><strong>anterioribus,</strong></span> <span class='ocrx_word' id='word_1_190' title='bbox 916 3748 1078 3824; x_wconf 85' lang='lat' dir='ltr'><strong>radiatam</strong></span> <span class='ocrx_word' id='word_1_191' title='bbox 1092 3749 1262 3852; x_wconf 87' lang='lat' dir='ltr'><strong>expansio·</strong></span> 
     </span>
    </p>
   </div>
   <div class='ocr_carea' id='block_1_6' title="bbox 756 3986 794 4054">
    <p class='ocr_par' dir='ltr' id='par_1_11' title="bbox 756 3986 794 4054">
     <span class='ocr_line' id='line_1_32' title="bbox 756 3986 794 4054; baseline 0 0"><span class='ocrx_word' id='word_1_192' title='bbox 756 3986 794 4054; x_wconf 60' lang='grc' dir='ltr'><strong>ἴ</strong></span> 
     </span>
    </p>
   </div>
   <div class='ocr_carea' id='block_1_7' title="bbox 0 0 1480 4836">
    <p class='ocr_par' dir='ltr' id='par_1_12' title="bbox 0 0 1480 4836">
     <span class='ocr_line' id='line_1_33' title="bbox 0 0 1480 4836; baseline 0 0"><span class='ocrx_word' id='word_1_193' title='bbox 0 0 1480 4836; x_wconf 95' lang='lat' dir='ltr'><strong> </strong></span> 
     </span>
    </p>
   </div>
  </div>
 </body>
</html>
