2952 4838
631 601 674 640 a:
744 563 746 572 ’
1068 569 1115 646 15

174 723 216 775 se
237 698 369 787 demunt,
383 715 628 796 'quumearum
648 694 735 774 rami
756 687 1001 773 numerosiores
1023 696 1112 771 sint:

112 831 121 848 ·
175 799 320 876 arteriae
351 797 562 880 branchiales
592 796 637 870 ad
664 817 780 872 ortum
813 799 966 874 valvulas
980 819 1113 878 ..acuas

176 903 318 988 ‚habent
333 903 375 990 In
392 903 511 998 Sepiis
529 925 588 977 cor
602 898 751 980 medium
764 901 799 976 iu
814 921 904 992 tres,
920 902 958 974 in
966 903 1113 1000 torigi-

173 1007 284 1078 nibus
292 1007 336 1082 in.
347 1002 433 1079 duas
439 1002 592 1088 ,divisum
607 998 668 1086 stt·
682 1005 723 1082 In
735 1005 800 1086 illis
815 1006 850 1078 iu
866 1003 977 1078 medio
990 1004 1113 1102 hepate

176 1107 352 1182 atramenti
375 1129 496 1187 saccus
517 1106 715 1190 invenitur:
746 1107 780 1180 iu
802 1106 855 1180 his
885 1125 962 1178 aute
991 1105 1108 1204 hepar.

178 1209 386 1308 Praecipuas
414 1209 471 1281 hic
504 1203 634 1283 tantum
663 1200 852 1286 notavimus
873 1207 1109 1283 differentias:

174 1312 239 1412 qui
264 1313 364 1411 plura
387 1308 578 1404 desideret,
607 1310 707 1388 adeat
725 1337 813 1412 opus
831 1313 988 1387 Cuvruarr
1008 1337 1112 1411 supra

176 1413 380 1531 laudatum
396 1425 398 1430 '

227 1564 289 1638 His
311 1564 464 1664 scriptis,
489 1565 688 1658 contrariam
711 1564 905 1664 opinionem
930 1565 1028 1638 etiam
1044 1565 1110 1639 de-

174 1665 303 1740 fensam
324 1668 513 1742 invenimus
527 1695 548 1739 a
562 1667 786 1742 Butrnvrnrro
812 1667 905 1765 (16),
935 1667 1110 1766 quiLssc-

176 1793 265 1866 nrum
301 1791 438 1845 secutus
459 1763 723 1870 Argonautae
749 1769 871 1842 animal
906 1771 980 1868 pari
1007 1765 1110 1844 modo

174 1873 359 1973 parasitum
386 1874 518 1946 habuit.
550 1871 656 1962 Quod
678 1873 723 1944 ad
757 1873 908 1946 diversas
943 1872 1108 1968 rationes,

169 1989 261 2074 'quas'
281 1971 354 2075 pro
375 2001 436 2048 sua
459 1975 620 2046 sententia
645 1973 763 2066 affert,
791 1976 907 2046 attinet
932 2029 942 2066 ‚
966 1976 1109 2076 primam

171 2077 255 2148 inde
283 2077 399 2168 ducit,
424 2075 520 2176 quod
550 2076 727 2173 scriptores
769 2077 969 2175 tamantiqui
1006 2103 1109 2178 quam
1189 2117 1192 2124 ⁴

171 2179 278 2252 nostri
302 2179 375 2254 aevi
398 2179 532 2252 diversa
543 2177 670 2252 ratione
690 2177 733 2250 de
748 2177 881 2251 animali
895 2181 1107 2278 Argonau-

134 2324 140 2338 ι
172 2295 239 2354 tae·
254 2283 466 2384 *judicarunt
504 2297 537 2352 et
579 2280 818 2379 scripserunt3
857 2307 923 2354 non
962 2284 1107 2356 multum

171 2385 284 2474 valere
305 2385 390 2459 haec
406 2401 591 2484 putamus,
612 2409 726 2483 ‚quum
762 2383 888 2483 cuique
920 2403 1038 2457 uotum
1064 2387 1108 2459 sit

168 2487 318 2586 antiquis
346 2486 556 2587 temporibus
579 2485 622 2559 de
634 2485 791 2585 pluribus
815 2489 916 2560 rebus
941 2488 1107 2589 scriptum

168 2581 288 2682 fuisse,
309 2612 489 2691 antequam
510 2590 587 2662 illae
610 2588 705 2688 ipsae
727 2588 817 2662 visae
831 2588 977 2684 fuerint,
999 2617 1106 2690 prae-

168 2693 279 2766 sertim
295 2694 323 2767 si
348 2693 596 2795 aliquantulum
610 2691 828 2772 miraculosae
852 2714 954 2767 eraut
970 2693 1104 2768 Deinde

169 2794 264 2892 quod
285 2795 547 2871 ad'recentiores
560 2796 740 2894 scriptores
752 2795 885 2888 attinet3
907 2795 1008 2869 nobis
1032 2823 1104 2871 non

167 2915 284 2970 notum
318 2908 385 2991 est‘,
405 2895 577 2998 vunquam
604 2896 699 2970 aliud
722 2898 846 2980 animal
873 2899 908 2970 in
934 2898 987 2970 his
1013 2899 1105 2971 testis

165 3001 341 3073 inventum
356 3002 475 3093 fnisse,
490 3025 591 3100 quam
605 3025 709 3100 supra
724 2997 933 3098 descriptum
944 3017 978 3072 et
990 3021 1108 3098 quam·

166 3100 219 3174 vis
234 3103 367 3202 figurae
382 3105 425 3175 ab
437 3104 488 3177 his
501 3101 642 3178 traditae
657 3102 767 3175 minus
779 3101 1006 3178 accuratiores
1018 3103 1103 3195 sint,

166 3223 279 3277 tamen
301 3231 341 3276 ex
367 3205 432 3277 illis
460 3215 586 3304 patet‚·
602 3205 690 3279 idem
723 3205 847 3281 fnisse:
866 3207 975 3279 Porro
997 3201 1104 3296 dicit,
1128 3292 1132 3300 .

166 3321 235 3378 non
274 3307 559 3404 comprehendere
597 3307 772 3407 quomodo
803 3308 925 3380 animal
956 3331 1105 3406 corpore

163 3407 261 3482 brevi
274 3430 307 3483 et
319 3421 432 3483 crasso
444 3427 561 3498 testam
569 3411 860 3510 symmetricamiu
870 3409 987 3483 eodem
999 3407 1104 3507 'plano

166 3513 383 3586 convolutam
406 3511 715 3612 fabricari'possit:
747 3513 937 3585 invenimus
962 3513 1104 3586 formam

167 3616 317 3713 corporis
334 3615 514 3692 convenire
529 3640 607 3689 cum
622 3615 731 3688 forma
755 3632 879 3711 testae,
894 3639 1002 3716 quum
1016 3611 1104 3689 itlud

99 3807 106 3819 .
164 3740 169 3746 ’
208 3740 285 3842 (se)
296 3761 388 3828 conr.
399 3756 529 3842 Journal
543 3753 757 3855 seruatque,
768 3763 806 3832 ae
817 3763 984 3834 cutmen
999 3763 1101 3831 arna

165 3849 245 3918 toire
260 3849 425 3942 naturelle,
438 3851 528 3922 Tom.
546 3853 607 3922 85.
617 3877 687 3946 pag.
699 3874 751 3945 7²·
