2952 4838
231 783 319 832 mam
345 755 497 860 redegit,
522 779 624 856 quam
647 777 784 833 secutus
810 775 861 832 cst
894 759 1162 834 Psnstusottms.

133 943 136 961 1
232 862 348 936 Minus
367 882 458 935 recte
489 879 601 933 tamen
631 862 745 936 nuclei
782 859 955 960 siphonem
983 863 1165 936 centralem

232 964 337 1049 dixit,
363 989 471 1066 quum
487 965 584 1038 etiam
597 964 714 1064 plures
730 965 860 1065 species
873 1017 884 1054 ‚
899 965 949 1036 uti
967 965 1167 1038 catttrrtns

232 1067 373 1141 Mones.
390 1122 401 1160 ‚
416 1067 558 1168 siphone
582 1067 710 1142 laterali
735 1070 791 1144 vel
806 1068 999 1142 excentrica
1021 1067 1164 1142 donatae

197 1185 201 1194 ‘
233 1172 460 1245 inveniantur.

197 1309 202 1314 ’
281 1297 534 1372 Mounnonnns
569 1316 681 1371 autem
713 1320 823 1392 nunc,
866 1294 1075 1371 characteres
1109 1321 1165 1370 se-

233 1425 341 1500 quens
362 1403 634 1474 Lauancxuuos
654 1401 795 1500 priores,
835 1425 904 1474 non
931 1419 1060 1474 tantum
1087 1421 1165 1474 om-

232 1521 299 1578 nes'
314 1522 436 1592 testas,
459 1529 545 1605 quas
569 1504 708 1578 nucleos
739 1503 949 1577 solummodo
977 1503 1167 1576 Belemni-

234 1617 348 1678 tarum
372 1606 574 1680 constituere
589 1605 839 1682 observationes
865 1606 1078 1698 docuerunt,
1105 1605 1167 1679 sed

232 1711 332 1782 etiam
383 1736 497 1784 omnes
540 1708 717 1812 vaginas,
765 1708 873 1784 canali
921 1707 1165 1815 longitudinali

232 1809 427 1902 destitutas,
454 1839 474 1884 a
503 1812 720 1885 Belemnitis
742 1812 921 1910 separavit.
952 1811 1038 1884 lnde
1058 1838 1075 1883 e
1097 1831 1167 1885 nu-

231 1915 314 1988 cleis
339 1935 435 1987 enata
457 1933 535 1987 sunt
563 1939 687 2014 genera
711 1914 913 1986 Callirrhoe?
915 1969 930 2004 ,
955 1915 1165 2001 Actetots,
1280 1987 1282 2000 ,

117 2066 119 2070 -
234 2035 266 2090 et
281 2019 553 2112 Raphnnister,
569 2017 647 2088 ntie
660 2015 793 2118 vaginis
806 2035 949 2108 caetera,
962 2043 1052 2118 quae
1062 2041 1166 2114 supra

231 2117 302 2191 huc
328 2119 515 2191 retulimus.
543 2117 597 2189 Ex
614 2117 680 2191 sslis
694 2119 942 2212 Raphuuister
955 2119 1057 2218 septis
1069 2143 1166 2193 cam-

233 2221 418 2324 panulatis:
439 2222 626 2294 Achelbi's
637 2219 777 2320 siphone
790 2221 948 2294 centraii:
966 2221 1168 2292 Gallis-rho?

233 2323 350 2398 codem
378 2323 507 2397 laterali
531 2323 801 2424 distinguuntur.
824 2323 878 2396 Ex
912 2322 964 2398 his
983 2323 1167 2412 Paclites,

236 2426 396 2520 CetociS,
412 2432 586 2502 Acamas
599 2429 696 2526 apice
722 2427 911 2527 perforato:
932 2426 1168 2527 Porodragus

201 2589 202 2594 η
231 2530 341 2604 forma
351 2530 556 2604 lanceolata:
576 2531 819 2622 Belemnites‚
837 2529 1039 2627 Chrysaor,
1052 2532 1166 2602 Ami·

234 2627 382 2734 monus,
411 2634 608 2706 Thalamus
634 2632 750 2706 eidem
767 2634 886 2708 conica
899 2661 912 2707 .·
926 2633 1166 2733 Pyrgopolon

234 2735 350 2809 eadem
398 2737 589 2837 compressa
637 2735 898 2840 dignoscuntur.
933 2737 1053 2838 Longe
1083 2761 1165 2809 vero

234 2838 349 2912 abesse
387 2839 485 2914 nobis
528 2838 685 2934 videtur,
710 2859 750 2912 ut
790 2840 922 2913 diversa
951 2841 1009 2912 illa
1039 2863 1166 2938 genera

234 2943 363 3033 omnia,
379 2962 419 3015 ut
433 2940 609 3016 distinctae
622 2939 1046 3042 Belemnitnrumspecies
1057 2995 1068 3033 ,
1081 2964 1166 3037 pro-

234 3045 316 3143 poni
343 3045 488 3143 possint:
513 3045 624 3146 primo
663 3045 752 3117 enim
778 3043 1025 3142 Raphanieter
1056 3067 1165 3144 genus

235 3147 332 3220 uobis
345 3147 481 3220 videtur
490 3174 512 3224 ,e
523 3149 647 3222 nucleo
663 3147 788 3222 detrito
803 3147 1019 3221 constitutus:
1032 3143 1067 3217 in
1081 3143 1165 3244 qui-

234 3249 300 3322 bus
325 3247 447 3321 deinde
471 3277 557 3349 apex
585 3252 775 3351 perforatus
796 3249 937 3338 dicitur,
967 3249 1043 3321 illae
1072 3245 1165 3321 hunc

235 3351 459 3428 verisimiliter
472 3353 669 3428 diffractnm
686 3354 821 3428 habent.
839 3356 936 3445 Quae
952 3349 1085 3424 tandem
1101 3349 1167 3424 for·

236 3471 323 3529 mam
336 3456 553 3550 lanceolatam
566 3483 646 3555 prae
668 3479 704 3530 se
732 3457 867 3549 ferunt,
884 3475 917 3530 ct
941 3454 1050 3555 stipite
1070 3453 1167 3555 quasi

236 3561 480 3655 sustentantur,
500 3559 637 3633 multam
664 3559 853 3662 analogiam
879 3556 1016 3660 quidem
1040 3557 1168 3632 habent

236 3663 553 3740 eumcidariurum
574 3663 799 3766 quarumdam
821 3663 948 3764 spinis:
973 3661 1070 3736 dubii
1085 3687 1166 3737 vero

237 3763 412 3844 haeremus
426 3794 509 3846 num
533 3768 752 3848 Bennmitts
767 3769 822 3848 vel
837 3768 1075 3847 Eettmtden
1097 3766 1165 3840 sint
