<?xml version="1.0" encoding="UTF-8"?>
<!DOCTYPE html PUBLIC "-//W3C//DTD XHTML 1.0 Transitional//EN"
    "http://www.w3.org/TR/xhtml1/DTD/xhtml1-transitional.dtd">
<html xmlns="http://www.w3.org/1999/xhtml" xml:lang="en" lang="en">
 <head>
  <title>
</title>
<meta http-equiv="Content-Type" content="text/html;charset=utf-8" />
  <meta name='ocr-system' content='tesseract 3.04.00' />
  <meta name='ocr-capabilities' content='ocr_page ocr_carea ocr_par ocr_line ocrx_word'/>
</head>
<body>
  <div class='ocr_page' id='page_1' title='image "./monographiaeamm00haangoog_0017.png"; bbox 0 0 2952 4838; ppageno 0'>
   <div class='ocr_carea' id='block_1_1' title="bbox 329 547 833 636">
    <p class='ocr_par' dir='ltr' id='par_1_1' title="bbox 329 547 833 636">
     <span class='ocr_line' id='line_1_1' title="bbox 329 547 833 636; baseline -0.012 0"><span class='ocrx_word' id='word_1_1' title='bbox 329 547 354 636; x_wconf 79' lang='grc'><strong><em>4</em></strong></span> <span class='ocrx_word' id='word_1_2' title='bbox 789 574 833 630; x_wconf 68' lang='lat' dir='ltr'>ss</span> 
     </span>
    </p>
   </div>
   <div class='ocr_carea' id='block_1_2' title="bbox 242 665 1265 1286">
    <p class='ocr_par' dir='ltr' id='par_1_2' title="bbox 242 665 1265 1286">
     <span class='ocr_line' id='line_1_2' title="bbox 331 665 1265 768; baseline -0.004 -24"><span class='ocrx_word' id='word_1_3' title='bbox 331 666 577 744; x_wconf 83' lang='lat' dir='ltr'><strong>consideranda</strong></span> <span class='ocrx_word' id='word_1_4' title='bbox 600 685 677 741; x_wconf 85' lang='lat' dir='ltr'><strong>sunt</strong></span> <span class='ocrx_word' id='word_1_5' title='bbox 693 685 850 768; x_wconf 83' lang='lat' dir='ltr'><strong>tanquam</strong></span> <span class='ocrx_word' id='word_1_6' title='bbox 868 668 903 740; x_wconf 89' lang='lat' dir='ltr'><strong>in</strong></span> <span class='ocrx_word' id='word_1_7' title='bbox 919 665 1033 738; x_wconf 87' lang='lat' dir='ltr'><strong>infima</strong></span> <span class='ocrx_word' id='word_1_8' title='bbox 1058 667 1151 740; x_wconf 80' lang='lat' dir='ltr'><strong>&#39;scala</strong></span> <span class='ocrx_word' id='word_1_9' title='bbox 1167 669 1265 740; x_wconf 83' lang='lat' dir='ltr'><strong>Mot-</strong></span> 
     </span>
     <span class='ocr_line' id='line_1_3' title="bbox 329 767 1264 872; baseline -0.006 -24"><span class='ocrx_word' id='word_1_10' title='bbox 329 777 509 872; x_wconf 75' lang='lat' dir='ltr'><strong>luscorom</strong></span> <span class='ocrx_word' id='word_1_11' title='bbox 535 770 622 844; x_wconf 81' lang='lat' dir='ltr'><strong>Cur.</strong></span> <span class='ocrx_word' id='word_1_12' title='bbox 646 773 757 870; x_wconf 92' lang='lat' dir='ltr'><strong>posita</strong></span> <span class='ocrx_word' id='word_1_13' title='bbox 790 797 910 870; x_wconf 80' lang='lat' dir='ltr'>nempe</span> <span class='ocrx_word' id='word_1_14' title='bbox 937 767 1075 868; x_wconf 88' lang='lat' dir='ltr'><strong>quando</strong></span> <span class='ocrx_word' id='word_1_15' title='bbox 1099 770 1186 843; x_wconf 77' lang='lat' dir='ltr'><strong>inter</strong></span> <span class='ocrx_word' id='word_1_16' title='bbox 1206 772 1264 844; x_wconf 91' lang='lat' dir='ltr'><strong>illa</strong></span> 
     </span>
     <span class='ocr_line' id='line_1_4' title="bbox 324 873 1265 974; baseline -0.001 -27"><span class='ocrx_word' id='word_1_17' title='bbox 324 875 440 950; x_wconf 87' lang='lat' dir='ltr'><strong>omnia</strong></span> <span class='ocrx_word' id='word_1_18' title='bbox 451 874 508 946; x_wconf 86' lang='lat' dir='ltr'><strong>illa</strong></span> <span class='ocrx_word' id='word_1_19' title='bbox 524 873 848 973; x_wconf 77' lang='lat' dir='ltr'><strong>comprehendamus</strong></span> <span class='ocrx_word' id='word_1_20' title='bbox 857 899 945 972; x_wconf 83' lang='lat' dir='ltr'><strong>quac</strong></span> <span class='ocrx_word' id='word_1_21' title='bbox 957 874 1049 944; x_wconf 86' lang='lat' dir='ltr'><strong>nulla</strong></span> <span class='ocrx_word' id='word_1_22' title='bbox 1064 899 1193 974; x_wconf 75' lang='lat' dir='ltr'><strong>organa</strong></span> <span class='ocrx_word' id='word_1_23' title='bbox 1208 895 1265 946; x_wconf 88' lang='lat' dir='ltr'><strong>ar-</strong></span> 
     </span>
     <span class='ocr_line' id='line_1_5' title="bbox 330 974 1263 1075; baseline -0.002 -23"><span class='ocrx_word' id='word_1_24' title='bbox 330 979 469 1052; x_wconf 88' lang='lat' dir='ltr'><strong>ticulata</strong></span> <span class='ocrx_word' id='word_1_25' title='bbox 493 997 553 1050; x_wconf 89' lang='lat' dir='ltr'><strong>aut</strong></span> <span class='ocrx_word' id='word_1_26' title='bbox 578 976 708 1050; x_wconf 87' lang='lat' dir='ltr'><strong>radiata</strong></span> <span class='ocrx_word' id='word_1_27' title='bbox 736 975 942 1050; x_wconf 85' lang='lat' dir='ltr'><strong>ostendunt:</strong></span> <span class='ocrx_word' id='word_1_28' title='bbox 967 974 1048 1048; x_wconf 92' lang='lat' dir='ltr'><strong>dum</strong></span> <span class='ocrx_word' id='word_1_29' title='bbox 1077 995 1263 1075; x_wconf 87' lang='lat' dir='ltr'><strong>postremo,</strong></span> 
     </span>
     <span class='ocr_line' id='line_1_6' title="bbox 331 1075 1265 1179; baseline -0.002 -25"><span class='ocrx_word' id='word_1_30' title='bbox 331 1100 437 1173; x_wconf 82' lang='lat' dir='ltr'><strong>certe,</strong></span> <span class='ocrx_word' id='word_1_31' title='bbox 451 1081 694 1171; x_wconf 80' lang='lat' dir='ltr'><strong>locoveniunt‚</strong></span> <span class='ocrx_word' id='word_1_32' title='bbox 710 1077 849 1178; x_wconf 89' lang='lat' dir='ltr'><strong>quando</strong></span> <span class='ocrx_word' id='word_1_33' title='bbox 871 1075 913 1152; x_wconf 88' lang='lat' dir='ltr'><strong>de</strong></span> <span class='ocrx_word' id='word_1_34' title='bbox 926 1079 1050 1179; x_wconf 79' lang='lat' dir='ltr'><strong>mojore</strong></span> <span class='ocrx_word' id='word_1_35' title='bbox 1063 1081 1129 1156; x_wconf 80' lang='lat' dir='ltr'><strong>val·</strong></span> <span class='ocrx_word' id='word_1_36' title='bbox 1139 1079 1265 1152; x_wconf 84' lang='lat' dir='ltr'><strong>minore</strong></span> 
     </span>
     <span class='ocr_line' id='line_1_7' title="bbox 242 1178 828 1286; baseline -0.007 -28"><span class='ocrx_word' id='word_1_37' title='bbox 242 1243 246 1247; x_wconf 86' lang='lat'>.</span> <span class='ocrx_word' id='word_1_38' title='bbox 328 1181 545 1286; x_wconf 83' lang='lat' dir='ltr'><strong>perfectionis</strong></span> <span class='ocrx_word' id='word_1_39' title='bbox 566 1178 678 1284; x_wconf 86' lang='lat' dir='ltr'><strong>gradu</strong></span> <span class='ocrx_word' id='word_1_40' title='bbox 691 1207 745 1256; x_wconf 82' lang='lat' dir='ltr'><strong>res</strong></span> <span class='ocrx_word' id='word_1_41' title='bbox 767 1201 828 1257; x_wconf 84' lang='lat' dir='ltr'><strong>est.</strong></span> 
     </span>
    </p>
   </div>
   <div class='ocr_carea' id='block_1_3' title="bbox 302 1330 1308 2154">
    <p class='ocr_par' dir='ltr' id='par_1_3' title="bbox 302 1330 1308 2154">
     <span class='ocr_line' id='line_1_8' title="bbox 381 1330 1308 1433; baseline -0.001 -27"><span class='ocrx_word' id='word_1_42' title='bbox 381 1335 437 1406; x_wconf 84' lang='lat' dir='ltr'><strong>Ab</strong></span> <span class='ocrx_word' id='word_1_43' title='bbox 468 1332 534 1405; x_wconf 87' lang='lat' dir='ltr'><strong>alia</strong></span> <span class='ocrx_word' id='word_1_44' title='bbox 557 1350 652 1432; x_wconf 83' lang='lat' dir='ltr'><strong>parte</strong></span> <span class='ocrx_word' id='word_1_45' title='bbox 682 1333 870 1404; x_wconf 82' lang='lat' dir='ltr'><strong>Mallusco</strong></span> <span class='ocrx_word' id='word_1_46' title='bbox 900 1330 1029 1406; x_wconf 89' lang='lat' dir='ltr'><strong>radiata</strong></span> <span class='ocrx_word' id='word_1_47' title='bbox 1054 1359 1180 1433; x_wconf 85' lang='lat' dir='ltr'><strong>organa</strong></span> <span class='ocrx_word' id='word_1_48' title='bbox 1197 1358 1265 1406; x_wconf 89' lang='lat' dir='ltr'><strong>uon</strong></span> <span class='ocrx_word' id='word_1_49' title='bbox 1286 1408 1308 1416; x_wconf 70' lang='grc'><strong>,,</strong></span> 
     </span>
     <span class='ocr_line' id='line_1_9' title="bbox 330 1434 1267 1538; baseline -0.002 -28"><span class='ocrx_word' id='word_1_50' title='bbox 330 1439 495 1538; x_wconf 85' lang='lat' dir='ltr'>praebent</span> <span class='ocrx_word' id='word_1_51' title='bbox 518 1434 546 1508; x_wconf 90' lang='lat' dir='ltr'><strong>si</strong></span> <span class='ocrx_word' id='word_1_52' title='bbox 566 1434 713 1534; x_wconf 83' lang='lat' dir='ltr'>excipias</span> <span class='ocrx_word' id='word_1_53' title='bbox 729 1435 995 1532; x_wconf 77' lang='lat' dir='ltr'><strong>Cephalopodo,</strong></span> <span class='ocrx_word' id='word_1_54' title='bbox 1012 1459 1099 1535; x_wconf 85' lang='lat' dir='ltr'><strong>quae</strong></span> <span class='ocrx_word' id='word_1_55' title='bbox 1113 1437 1267 1508; x_wconf 83' lang='lat' dir='ltr'><strong>intenta·</strong></span> 
     </span>
     <span class='ocr_line' id='line_1_10' title="bbox 332 1535 1264 1639; baseline -0.002 -25"><span class='ocrx_word' id='word_1_56' title='bbox 332 1535 488 1614; x_wconf 90' lang='lat' dir='ltr'><strong>culorum</strong></span> <span class='ocrx_word' id='word_1_57' title='bbox 503 1537 722 1639; x_wconf 78' lang='lat' dir='ltr'><strong>dispositione</strong></span> <span class='ocrx_word' id='word_1_58' title='bbox 750 1539 917 1612; x_wconf 90' lang='lat' dir='ltr'><strong>stellatum</strong></span> <span class='ocrx_word' id='word_1_59' title='bbox 944 1557 1077 1614; x_wconf 89' lang='lat' dir='ltr'><strong>servant</strong></span> <span class='ocrx_word' id='word_1_60' title='bbox 1101 1536 1264 1612; x_wconf 88' lang='lat' dir='ltr'><strong>ordinem.</strong></span> 
     </span>
     <span class='ocr_line' id='line_1_11' title="bbox 318 1639 1266 1734; baseline -0.001 -17"><span class='ocrx_word' id='word_1_61' title='bbox 318 1645 436 1716; x_wconf 78' lang='lat' dir='ltr'><strong>&#39;Recte</strong></span> <span class='ocrx_word' id='word_1_62' title='bbox 461 1657 571 1734; x_wconf 86' lang='lat' dir='ltr'><strong>autem</strong></span> <span class='ocrx_word' id='word_1_63' title='bbox 604 1644 829 1715; x_wconf 70' lang='lat' dir='ltr'><strong>Lunancmos</strong></span> <span class='ocrx_word' id='word_1_64' title='bbox 858 1639 942 1713; x_wconf 89' lang='lat' dir='ltr'><strong>haec</strong></span> <span class='ocrx_word' id='word_1_65' title='bbox 968 1641 1003 1714; x_wconf 94' lang='lat' dir='ltr'><strong>in</strong></span> <span class='ocrx_word' id='word_1_66' title='bbox 1030 1641 1116 1714; x_wconf 91' lang='lat' dir='ltr'><strong>duas</strong></span> <span class='ocrx_word' id='word_1_67' title='bbox 1145 1642 1266 1716; x_wconf 80' lang='lat' dir='ltr'><strong>classes</strong></span> 
     </span>
     <span class='ocr_line' id='line_1_12' title="bbox 319 1743 1267 1844; baseline -0.003 -25"><span class='ocrx_word' id='word_1_68' title='bbox 319 1745 472 1837; x_wconf 65' lang='lat' dir='ltr'><strong>divido,</strong></span> <span class='ocrx_word' id='word_1_69' title='bbox 489 1745 525 1839; x_wconf 86' lang='lat' dir='ltr'><strong>in</strong></span> <span class='ocrx_word' id='word_1_70' title='bbox 550 1745 742 1817; x_wconf 77' lang='lat' dir='ltr'><strong>Mollusco</strong></span> <span class='ocrx_word' id='word_1_71' title='bbox 764 1761 798 1818; x_wconf 82' lang='lat' dir='ltr'><strong>et</strong></span> <span class='ocrx_word' id='word_1_72' title='bbox 816 1743 1033 1844; x_wconf 75' lang='lat' dir='ltr'><strong>Conchisero</strong></span> <span class='ocrx_word' id='word_1_73' title='bbox 1048 1746 1112 1840; x_wconf 88' lang='lat' dir='ltr'><strong>(A</strong></span> <span class='ocrx_word' id='word_1_74' title='bbox 1115 1743 1267 1842; x_wconf 72' lang='lat' dir='ltr'><strong>cephalo</strong></span> 
     </span>
     <span class='ocr_line' id='line_1_13' title="bbox 332 1843 1267 1948; baseline -0.001 -27"><span class='ocrx_word' id='word_1_75' title='bbox 332 1850 475 1946; x_wconf 75' lang='lat' dir='ltr'><strong>Cur.):</strong></span> <span class='ocrx_word' id='word_1_76' title='bbox 512 1857 615 1948; x_wconf 87' lang='lat' dir='ltr'><strong>quam</strong></span> <span class='ocrx_word' id='word_1_77' title='bbox 649 1843 787 1947; x_wconf 89' lang='lat' dir='ltr'><strong>quidem</strong></span> <span class='ocrx_word' id='word_1_78' title='bbox 816 1845 1015 1920; x_wconf 88' lang='lat' dir='ltr'><strong>divisionem</strong></span> <span class='ocrx_word' id='word_1_79' title='bbox 1035 1866 1175 1922; x_wconf 83' lang='lat' dir='ltr'><strong>naturae</strong></span> <span class='ocrx_word' id='word_1_80' title='bbox 1198 1873 1267 1922; x_wconf 86' lang='lat' dir='ltr'><strong>esse</strong></span> 
     </span>
     <span class='ocr_line' id='line_1_14' title="bbox 333 1949 1268 2052; baseline -0.001 -29"><span class='ocrx_word' id='word_1_81' title='bbox 333 1973 539 2052; x_wconf 85' lang='lat' dir='ltr'><strong>congruam,</strong></span> <span class='ocrx_word' id='word_1_82' title='bbox 565 1961 632 2022; x_wconf 88' lang='lat' dir='ltr'><strong>non</strong></span> <span class='ocrx_word' id='word_1_83' title='bbox 664 1957 794 2022; x_wconf 84' lang='lat' dir='ltr'><strong>tantum</strong></span> <span class='ocrx_word' id='word_1_84' title='bbox 821 1949 942 2050; x_wconf 90' lang='lat' dir='ltr'><strong>capitis</strong></span> <span class='ocrx_word' id='word_1_85' title='bbox 978 1949 1013 2021; x_wconf 89' lang='lat' dir='ltr'><strong>in</strong></span> <span class='ocrx_word' id='word_1_86' title='bbox 1041 1949 1268 2052; x_wconf 75' lang='lat' dir='ltr'><strong>Conchrferis</strong></span> 
     </span>
     <span class='ocr_line' id='line_1_15' title="bbox 302 2051 1268 2154; baseline 0 -27"><span class='ocrx_word' id='word_1_87' title='bbox 302 2129 305 2136; x_wconf 77' lang='grc'>,</span> <span class='ocrx_word' id='word_1_88' title='bbox 332 2055 482 2127; x_wconf 85' lang='lat' dir='ltr'><strong>absentia</strong></span> <span class='ocrx_word' id='word_1_89' title='bbox 499 2052 715 2154; x_wconf 75' lang='lat' dir='ltr'><strong>crincit‚scd</strong></span> <span class='ocrx_word' id='word_1_90' title='bbox 730 2053 829 2127; x_wconf 86' lang='lat' dir='ltr'><strong>etiam</strong></span> <span class='ocrx_word' id='word_1_91' title='bbox 858 2051 1038 2144; x_wconf 82' lang='lat' dir='ltr'><strong>ventriculi</strong></span> <span class='ocrx_word' id='word_1_92' title='bbox 1057 2053 1144 2126; x_wconf 85' lang='lat' dir='ltr'><strong>inter</strong></span> <span class='ocrx_word' id='word_1_93' title='bbox 1166 2079 1268 2127; x_wconf 88' lang='lat' dir='ltr'><strong>venas</strong></span> 
     </span>
    </p>
   </div>
   <div class='ocr_carea' id='block_1_4' title="bbox 209 2155 1267 2258">
    <p class='ocr_par' dir='ltr' id='par_1_4' title="bbox 209 2155 1267 2258">
     <span class='ocr_line' id='line_1_16' title="bbox 209 2155 1267 2258; baseline 0 -28"><span class='ocrx_word' id='word_1_94' title='bbox 209 2253 211 2256; x_wconf 15' lang='grc' dir='ltr'>Ι</span> <span class='ocrx_word' id='word_1_95' title='bbox 333 2157 541 2258; x_wconf 82' lang='lat' dir='ltr'><strong>pulmonalcs</strong></span> <span class='ocrx_word' id='word_1_96' title='bbox 566 2157 771 2256; x_wconf 83' lang='lat' dir='ltr'><strong>artariasque</strong></span> <span class='ocrx_word' id='word_1_97' title='bbox 792 2156 969 2256; x_wconf 89' lang='lat' dir='ltr'><strong>corporis,</strong></span> <span class='ocrx_word' id='word_1_98' title='bbox 987 2155 1087 2254; x_wconf 87' lang='lat' dir='ltr'><strong>cujus</strong></span> <span class='ocrx_word' id='word_1_99' title='bbox 1106 2181 1171 2258; x_wconf 86' lang='lat' dir='ltr'><strong>ope</strong></span> <span class='ocrx_word' id='word_1_100' title='bbox 1185 2156 1267 2230; x_wconf 90' lang='lat' dir='ltr'><strong>illo-</strong></span> 
     </span>
    </p>
   </div>
   <div class='ocr_carea' id='block_1_5' title="bbox 286 2257 1269 3793">
    <p class='ocr_par' dir='ltr' id='par_1_5' title="bbox 286 2257 1269 3793">
     <span class='ocr_line' id='line_1_17' title="bbox 333 2257 1267 2358; baseline -0.002 -24"><span class='ocrx_word' id='word_1_101' title='bbox 333 2275 408 2334; x_wconf 85' lang='lat' dir='ltr'><strong>rum</strong></span> <span class='ocrx_word' id='word_1_102' title='bbox 434 2259 611 2333; x_wconf 81' lang='lat' dir='ltr'><strong>circulatio</strong></span> <span class='ocrx_word' id='word_1_103' title='bbox 632 2257 835 2358; x_wconf 87' lang='lat' dir='ltr'><strong>pulmonalis</strong></span> <span class='ocrx_word' id='word_1_104' title='bbox 853 2257 1018 2358; x_wconf 79' lang='lat' dir='ltr'><strong>peculiari</strong></span> <span class='ocrx_word' id='word_1_105' title='bbox 1034 2258 1069 2338; x_wconf 65' lang='lat' dir='ltr'><strong>,vi</strong></span> <span class='ocrx_word' id='word_1_106' title='bbox 1095 2259 1130 2331; x_wconf 80' lang='lat' dir='ltr'><strong>in</strong></span> <span class='ocrx_word' id='word_1_107' title='bbox 1154 2279 1267 2332; x_wconf 88' lang='lat' dir='ltr'><strong>actum</strong></span> 
     </span>
     <span class='ocr_line' id='line_1_18' title="bbox 286 2361 1268 2461; baseline 0 -27"><span class='ocrx_word' id='word_1_108' title='bbox 286 2421 287 2426; x_wconf 28' lang='lat'>1</span> <span class='ocrx_word' id='word_1_109' title='bbox 333 2362 491 2437; x_wconf 87' lang='lat' dir='ltr'><strong>ducatur.</strong></span> <span class='ocrx_word' id='word_1_110' title='bbox 515 2387 559 2415; x_wconf 88' lang='lat'><strong>-·-</strong></span> <span class='ocrx_word' id='word_1_111' title='bbox 580 2361 844 2434; x_wconf 78' lang='lat' dir='ltr'><strong>Molluscot‘um</strong></span> <span class='ocrx_word' id='word_1_112' title='bbox 879 2361 974 2434; x_wconf 87' lang='lat' dir='ltr'><strong>Lam.</strong></span> <span class='ocrx_word' id='word_1_113' title='bbox 1018 2380 1107 2461; x_wconf 86' lang='lat' dir='ltr'><strong>qnae</strong></span> <span class='ocrx_word' id='word_1_114' title='bbox 1138 2381 1268 2460; x_wconf 81' lang='lat' dir='ltr'><strong>partem</strong></span> 
     </span>
     <span class='ocr_line' id='line_1_19' title="bbox 333 2457 1268 2566; baseline 0 -29"><span class='ocrx_word' id='word_1_115' title='bbox 333 2465 440 2566; x_wconf 80' lang='lat' dir='ltr'><strong>igitur</strong></span> <span class='ocrx_word' id='word_1_116' title='bbox 461 2467 592 2536; x_wconf 82' lang='lat' dir='ltr'><strong>tantum</strong></span> <span class='ocrx_word' id='word_1_117' title='bbox 611 2461 761 2537; x_wconf 83' lang='lat' dir='ltr'><strong>efficiunt</strong></span> <span class='ocrx_word' id='word_1_118' title='bbox 791 2461 1056 2536; x_wconf 77' lang='lat' dir='ltr'><strong>Molluscorum</strong></span> <span class='ocrx_word' id='word_1_119' title='bbox 1073 2463 1178 2551; x_wconf 71' lang='lat' dir='ltr'><strong>Cum,</strong></span> <span class='ocrx_word' id='word_1_120' title='bbox 1196 2457 1268 2537; x_wconf 88' lang='lat' dir='ltr'><strong>Co-</strong></span> 
     </span>
     <span class='ocr_line' id='line_1_20' title="bbox 335 2563 1266 2666; baseline -0.002 -26"><span class='ocrx_word' id='word_1_121' title='bbox 335 2591 468 2640; x_wconf 84' lang='lat' dir='ltr'><strong>vmmus</strong></span> <span class='ocrx_word' id='word_1_122' title='bbox 502 2581 569 2639; x_wconf 84' lang='lat' dir='ltr'><strong>tres</strong></span> <span class='ocrx_word' id='word_1_123' title='bbox 606 2565 729 2640; x_wconf 81' lang='lat' dir='ltr'><strong>classes</strong></span> <span class='ocrx_word' id='word_1_124' title='bbox 751 2565 960 2666; x_wconf 83' lang='lat' dir='ltr'><strong>proposuit:</strong></span> <span class='ocrx_word' id='word_1_125' title='bbox 988 2563 1240 2662; x_wconf 77' lang='lat' dir='ltr'><strong>Cephalopoda</strong></span> <span class='ocrx_word' id='word_1_126' title='bbox 1252 2621 1266 2655; x_wconf 91' lang='lat'><em>,</em></span> 
     </span>
     <span class='ocr_line' id='line_1_21' title="bbox 334 2667 1266 2765; baseline 0.001 -24"><span class='ocrx_word' id='word_1_127' title='bbox 334 2667 544 2762; x_wconf 80' lang='lat' dir='ltr'><strong>Pteropodo</strong></span> <span class='ocrx_word' id='word_1_128' title='bbox 566 2720 581 2756; x_wconf 88' lang='lat'><em>,</em></span> <span class='ocrx_word' id='word_1_129' title='bbox 626 2667 888 2764; x_wconf 79' lang='lat' dir='ltr'><strong>Gosteropodo.</strong></span> <span class='ocrx_word' id='word_1_130' title='bbox 919 2711 964 2726; x_wconf 91' lang='lat'><strong>·-</strong></span> <span class='ocrx_word' id='word_1_131' title='bbox 998 2669 1266 2765; x_wconf 72' lang='lat' dir='ltr'><strong>Cephalopodo,</strong></span> 
     </span>
     <span class='ocr_line' id='line_1_22' title="bbox 334 2763 1267 2872; baseline -0.001 -28"><span class='ocrx_word' id='word_1_132' title='bbox 334 2771 385 2844; x_wconf 91' lang='lat' dir='ltr'><strong>uti</strong></span> <span class='ocrx_word' id='word_1_133' title='bbox 415 2783 535 2843; x_wconf 82' lang='lat' dir='ltr'><strong>nomen</strong></span> <span class='ocrx_word' id='word_1_134' title='bbox 569 2769 699 2870; x_wconf 86' lang='lat' dir='ltr'><strong>partius</strong></span> <span class='ocrx_word' id='word_1_135' title='bbox 737 2763 895 2865; x_wconf 74' lang='lat' dir='ltr'><strong>indicat,</strong></span> <span class='ocrx_word' id='word_1_136' title='bbox 931 2787 1036 2872; x_wconf 86' lang='lat' dir='ltr'><strong>caput</strong></span> <span class='ocrx_word' id='word_1_137' title='bbox 1073 2769 1267 2850; x_wconf 88' lang='lat' dir='ltr'><strong>distinctum</strong></span> 
     </span>
     <span class='ocr_line' id='line_1_23' title="bbox 336 2867 1269 2976; baseline 0.001 -31"><span class='ocrx_word' id='word_1_138' title='bbox 336 2867 548 2946; x_wconf 78' lang='lat' dir='ltr'><strong>efformatum</strong></span> <span class='ocrx_word' id='word_1_139' title='bbox 564 2873 744 2948; x_wconf 82' lang='lat' dir='ltr'><strong>tentaculis</strong></span> <span class='ocrx_word' id='word_1_140' title='bbox 764 2873 930 2976; x_wconf 78' lang='lat' dir='ltr'><strong>elongatis</strong></span> <span class='ocrx_word' id='word_1_141' title='bbox 943 2873 1161 2976; x_wconf 72' lang='lat' dir='ltr'><strong>&#39;carnosisque</strong></span> <span class='ocrx_word' id='word_1_142' title='bbox 1185 2898 1269 2948; x_wconf 87' lang='lat' dir='ltr'><strong>ven·</strong></span> 
     </span>
     <span class='ocr_line' id='line_1_24' title="bbox 334 2964 1266 3078; baseline -0.001 -29"><span class='ocrx_word' id='word_1_143' title='bbox 334 2964 566 3074; x_wconf 83' lang='lat' dir='ltr'><strong>triculurnque</strong></span> <span class='ocrx_word' id='word_1_144' title='bbox 603 2977 836 3076; x_wconf 78' lang='lat' dir='ltr'><strong>pulmonarem</strong></span> <span class='ocrx_word' id='word_1_145' title='bbox 887 2976 1085 3078; x_wconf 87' lang='lat' dir='ltr'><strong>bipartitum</strong></span> <span class='ocrx_word' id='word_1_146' title='bbox 1131 2975 1266 3060; x_wconf 85' lang='lat' dir='ltr'><strong>habeut.</strong></span> 
     </span>
     <span class='ocr_line' id='line_1_25' title="bbox 335 3077 1269 3182; baseline 0.004 -32"><span class='ocrx_word' id='word_1_147' title='bbox 335 3077 544 3174; x_wconf 79' lang='lat' dir='ltr'><strong>Pteropodo</strong></span> <span class='ocrx_word' id='word_1_148' title='bbox 573 3077 746 3154; x_wconf 83' lang='lat' dir='ltr'><strong>branchiis</strong></span> <span class='ocrx_word' id='word_1_149' title='bbox 777 3079 823 3152; x_wconf 79' lang='lat' dir='ltr'><strong>&#39;ad</strong></span> <span class='ocrx_word' id='word_1_150' title='bbox 854 3079 959 3152; x_wconf 86' lang='lat' dir='ltr'><strong>latera</strong></span> <span class='ocrx_word' id='word_1_151' title='bbox 991 3080 1112 3182; x_wconf 88' lang='lat' dir='ltr'><strong>capitis</strong></span> <span class='ocrx_word' id='word_1_152' title='bbox 1134 3079 1269 3154; x_wconf 87' lang='lat' dir='ltr'><strong>duabus</strong></span> 
     </span>
     <span class='ocr_line' id='line_1_26' title="bbox 335 3178 1268 3279; baseline 0.002 -25"><span class='ocrx_word' id='word_1_153' title='bbox 335 3178 574 3255; x_wconf 79' lang='lat' dir='ltr'><strong>alaeiormibus</strong></span> <span class='ocrx_word' id='word_1_154' title='bbox 609 3207 616 3255; x_wconf 93' lang='lat'><strong>:</strong></span> <span class='ocrx_word' id='word_1_155' title='bbox 659 3181 905 3279; x_wconf 72' lang='lat' dir='ltr'><strong>Goster&#39;opodo</strong></span> <span class='ocrx_word' id='word_1_156' title='bbox 941 3181 1037 3258; x_wconf 84' lang='lat' dir='ltr'><strong>disco</strong></span> <span class='ocrx_word' id='word_1_157' title='bbox 1073 3184 1268 3270; x_wconf 82' lang='lat' dir='ltr'><strong>musculoso</strong></span> 
     </span>
     <span class='ocr_line' id='line_1_27' title="bbox 337 3285 1267 3386; baseline 0.002 -30"><span class='ocrx_word' id='word_1_158' title='bbox 337 3307 372 3356; x_wconf 82' lang='lat' dir='ltr'><strong>sc</strong></span> <span class='ocrx_word' id='word_1_159' title='bbox 405 3303 551 3359; x_wconf 75' lang='lat' dir='ltr'><strong>movent.</strong></span> <span class='ocrx_word' id='word_1_160' title='bbox 584 3285 807 3359; x_wconf 76' lang='lat' dir='ltr'><strong>Lsnsncrnos</strong></span> <span class='ocrx_word' id='word_1_161' title='bbox 836 3285 871 3357; x_wconf 89' lang='lat' dir='ltr'><strong>in</strong></span> <span class='ocrx_word' id='word_1_162' title='bbox 899 3285 987 3360; x_wconf 84' lang='lat' dir='ltr'><strong>hano</strong></span> <span class='ocrx_word' id='word_1_163' title='bbox 1016 3285 1267 3386; x_wconf 79' lang='lat' dir='ltr'><strong>dispositionem</strong></span> 
     </span>
     <span class='ocr_line' id='line_1_28' title="bbox 336 3386 1267 3484; baseline 0.002 -26"><span class='ocrx_word' id='word_1_164' title='bbox 336 3386 498 3484; x_wconf 89' lang='lat' dir='ltr'><strong>quasdam</strong></span> <span class='ocrx_word' id='word_1_165' title='bbox 528 3387 716 3462; x_wconf 83' lang='lat' dir='ltr'><strong>introduxit</strong></span> <span class='ocrx_word' id='word_1_166' title='bbox 737 3388 957 3464; x_wconf 75' lang='lat' dir='ltr'><strong>mutationes.</strong></span> <span class='ocrx_word' id='word_1_167' title='bbox 979 3387 1095 3463; x_wconf 83' lang='lat' dir='ltr'><strong>Primo</strong></span> <span class='ocrx_word' id='word_1_168' title='bbox 1130 3387 1267 3462; x_wconf 77' lang='lat' dir='ltr'><strong>classem</strong></span> 
     </span>
     <span class='ocr_line' id='line_1_29' title="bbox 340 3489 1269 3584; baseline 0.005 -26"><span class='ocrx_word' id='word_1_169' title='bbox 340 3489 660 3584; x_wconf 77' lang='lat' dir='ltr'><strong>Gosteropodorum</strong></span> <span class='ocrx_word' id='word_1_170' title='bbox 682 3491 768 3566; x_wconf 73' lang='lat' dir='ltr'><strong>Cur.</strong></span> <span class='ocrx_word' id='word_1_171' title='bbox 789 3491 824 3566; x_wconf 85' lang='lat' dir='ltr'><strong>in</strong></span> <span class='ocrx_word' id='word_1_172' title='bbox 845 3490 931 3566; x_wconf 91' lang='lat' dir='ltr'><strong>duas</strong></span> <span class='ocrx_word' id='word_1_173' title='bbox 951 3491 1099 3582; x_wconf 84' lang='lat' dir='ltr'><strong>dividit,</strong></span> <span class='ocrx_word' id='word_1_174' title='bbox 1121 3490 1156 3563; x_wconf 88' lang='lat' dir='ltr'><strong>in</strong></span> <span class='ocrx_word' id='word_1_175' title='bbox 1186 3491 1269 3563; x_wconf 71' lang='lat' dir='ltr'><strong>Tro</strong></span> 
     </span>
     <span class='ocr_line' id='line_1_30' title="bbox 337 3591 1267 3696; baseline 0.004 -34"><span class='ocrx_word' id='word_1_176' title='bbox 337 3591 526 3688; x_wconf 81' lang='lat' dir='ltr'><strong>clr&#39;elipodo</strong></span> <span class='ocrx_word' id='word_1_177' title='bbox 563 3612 596 3665; x_wconf 85' lang='lat' dir='ltr'><strong>et</strong></span> <span class='ocrx_word' id='word_1_178' title='bbox 625 3594 870 3691; x_wconf 82' lang='lat' dir='ltr'><strong>Gasteropodo</strong></span> <span class='ocrx_word' id='word_1_179' title='bbox 908 3595 1053 3696; x_wconf 70' lang='lat' dir='ltr'><strong>proprie*</strong></span> <span class='ocrx_word' id='word_1_180' title='bbox 1072 3593 1121 3671; x_wconf 89' lang='lat' dir='ltr'><strong>sic</strong></span> <span class='ocrx_word' id='word_1_181' title='bbox 1152 3593 1267 3684; x_wconf 87' lang='lat' dir='ltr'><strong>dicta,</strong></span> 
     </span>
     <span class='ocr_line' id='line_1_31' title="bbox 337 3691 1267 3793; baseline 0.006 -29"><span class='ocrx_word' id='word_1_182' title='bbox 337 3717 426 3792; x_wconf 80' lang='lat' dir='ltr'><strong>quae</strong></span> <span class='ocrx_word' id='word_1_183' title='bbox 451 3693 496 3777; x_wconf 82' lang='lat' dir='ltr'><strong>ita</strong></span> <span class='ocrx_word' id='word_1_184' title='bbox 524 3691 681 3770; x_wconf 88' lang='lat' dir='ltr'><strong>distincta</strong></span> <span class='ocrx_word' id='word_1_185' title='bbox 702 3709 802 3793; x_wconf 86' lang='lat' dir='ltr'><strong>sunt,</strong></span> <span class='ocrx_word' id='word_1_186' title='bbox 831 3717 870 3771; x_wconf 91' lang='lat' dir='ltr'><strong>ut</strong></span> <span class='ocrx_word' id='word_1_187' title='bbox 895 3697 948 3772; x_wconf 94' lang='lat' dir='ltr'><strong>his</strong></span> <span class='ocrx_word' id='word_1_188' title='bbox 967 3698 1010 3771; x_wconf 89' lang='lat' dir='ltr'><strong>sit</strong></span> <span class='ocrx_word' id='word_1_189' title='bbox 1036 3693 1151 3772; x_wconf 91' lang='lat' dir='ltr'><strong>discus</strong></span> <span class='ocrx_word' id='word_1_190' title='bbox 1174 3721 1267 3770; x_wconf 88' lang='lat' dir='ltr'><strong>mus-</strong></span> 
     </span>
    </p>
   </div>
   <div class='ocr_carea' id='block_1_6' title="bbox 0 0 1489 4838">
    <p class='ocr_par' dir='ltr' id='par_1_6' title="bbox 0 0 1489 4838">
     <span class='ocr_line' id='line_1_32' title="bbox 0 0 1489 4838; baseline 0 0"><span class='ocrx_word' id='word_1_191' title='bbox 0 0 1489 4838; x_wconf 95' lang='lat' dir='ltr'><strong> </strong></span> 
     </span>
    </p>
   </div>
  </div>
 </body>
</html>
