2952 4838
670 609 713 648 ε
1104 603 1154 685 rr

228 726 282 782 tus
296 706 423 783 externi
435 705 504 782 sine
519 703 585 778 illis
600 724 787 800 remaneat,
802 704 940 807 qnando
952 731 1072 806 nempe
1089 733 1160 782 nou

225 812 393 912 abruptus
410 830 459 884 est
471 810 526 884 vel
542 806 681 908 quando
703 809 888 908 perfectam
902 837 998 884 suam
1021 811 1161 910 aceepit

226 914 463 990 evolutionem.
480 912 557 984 Hoc
575 911 837 1010 comprobatum
857 913 995 1011 quidem
1006 913 1155 989 vidimus

221 1016 260 1092 in
283 1016 697 1110 CeratuePu‘oompmlo
711 1015 747 1088 in
761 1019 1154 1112 Ammonite.apinoto·,

76 1097 96 1119 ’
215 1121 458 1215 plonr'eostoto
469 1117 646 1216 ,exceptis
658 1116 766 1191 tribus
778 1116 984 1192 sectionibus
994 1118 1152 1193 horizon-

219 1221 343 1294 talibus
354 1221 482 1321 politis,
496 1245 582 1320 quas
588 1245 666 1292 suas
676 1219 721 1294 ad
732 1217 994 1320 speciesreferre
1006 1247 1074 1296 non
1084 1247 1152 1320 po-

218 1342 375 1398 teramust
400 1324 525 1398 Totum
542 1323 732 1396 anfractum
753 1322 824 1398 sine
842 1323 914 1398 ullo
929 1343 1031 1424 septo
1053 1349 1151 1398 corn-

216 1427 371 1526 perimus
387 1426 422 1499 in
436 1427 587 1500 Planite
598 1426 721 1523 bifido
734 1426 830 1512 Inter
842 1425 1148 1502 decursum-inter-

215 1554 301 1612 num
319 1549 491 1628 septorum
510 1529 830 1600 Amnwniteorum
846 1547 882 1614 et
894 1531 1147 1604 Noutileornm

215 1630 407 1714 differentia
426 1657 493 1706 non
504 1630 615 1704 adest:
630 1631 666 1703 in
686 1630 902 1704 Goniatiteis
923 1635 1003 1706 ve'ro
1028 1632 1145 1708 eadem

212 1733 341 1810 ratione
353 1735 496 1812 formata
512 1753 590 1824 suut
612 1752 717 1832 septa,
731 1756 800 1834 qun
821 1753 954 1808 externe
977 1757 1012 1806 se
1030 1754 1145 1810 osten-

133 1870 137 1876 ’
209 1836 538 1937 dunt-Septorum
549 1861 709 1913 numerus
723 1835 856 1935 saepius
868 1834 965 1910 valde
977 1835 1142 1912 increscit.

208 1938 1142 2037 Bouuounrrrusvidissedixitspecimina,quaeeentum

208 2061 243 2116 et
256 2043 515 2144 quinquaginta⁴
531 2059 626 2140 septa
652 2039 784 2114 interna
805 2039 985 2116 habebant.

259 2168 364 2259 Quod
376 2169 419 2243 ad
433 2169 606 2268 siphonem
620 2167 754 2242 tandem
766 2169 883 2241 attinet
892 2169 1139 2270 ,in-speciebus

206 2269 369 2347 carinatin
387 2274 483 2346 ilium
502 2272 640 2372 quidem
669 2271 827 2346 distincte
850 2270 943 2363 vidi,
968 2273 1017 2346 uti
1040 2274 1138 2348 etiam

205 2375 433 2450 Sowuunrrus'
451 2375 486 2447 in
510 2373 562 2448 his
586 2375 677 2448 illius
703 2374 903 2448 mentionem
929 2375 1011 2448 facit
1037 2377 1135 2476 (60).

202 2475 307 2568 Quod
319 2503 400 2553 vero
412 2477 456 2552 ad
469 2477 693 2578 alias'species
705 2477 840 2573 attinet,
856 2478 958 2552 dorso
972 2481 1137 2556 rotunda-

202 2600 255 2672 to,
283 2606 457 2682 nunquam
486 2581 659 2682 siphonem
682 2581 717 2652 in
741 2579 794 2654 his
810 2583 988 2656 observare
1010 2585 1133 2683 potui,

200 2682 291 2758 omni
317 2683 493 2787 diligentie
520 2682 787 2759 etiamadhibitai
802 2685 1080 2804 :suspicorergo
1097 2687 1133 2761 in

199 2783 253 2859 his
268 2784 415 2861 deletum
432 2789 535 2863 fuisse
551 2786 795 2887 constipatione
811 2787 959 2861 materiei
976 2789 1132 2888 lapides-

198 2887 315 2961 centis.
332 2933 376 2946 -
394 2889 543 2980 Quidam
559 2890 696 2991 quidem
714 2890 916 2982 voluerunt,
939 2916 1003 2988 ope
1027 2890 1138 2990 hujus

181 2990 347 3090 'siphonis
357 3053 359 3058 .
370 2993 492 3066 animal
507 3018 603 3066 suam
618 3012 735 3068 testam
753 2992 807 3067 vel
818 3017 909 3090 aqua
928 2991 1058 3089 replere
1074 2995 1130 3068 vel

196 3094 295 3165 etiam
309 3103 418 3166 aerem
434 3095 653 3195 comprimere
666 3114 700 3168 et
711 3094 850 3168 dilatare
866 3093 1034 3192 potuisse:
1052 3094 1129 3199 irie,
1192 3111 1197 3132 ²

194 3220 294 3287 vero,
308 3220 375 3268 non
395 3197 509 3270 locum
532 3198 689 3274 habuisse
709 3195 839 3297 patebit
862 3221 902 3269 ex
925 3221 985 3286 eo,
1009 3197 1126 3295 quod,

192 3298 255 3371 ubi
265 3295 377 3390 adest,
392 3300 577 3374 continuus
589 3303 648 3394 sit,
663 3327 773 3400 neque
783 3298 1138 3377 communicationem*

191 3399 314 3477 habeat
338 3426 417 3477 cum
439 3403 595 3504 partibus
616 3402 756 3476 internis
771 3422 888 3477 testae·

232 3576 309 3658 (⁶⁰)
339 3574 431 3645 Conf-
456 3578 536 3654 Min.
565 3573 716 3646 Conchol·
739 3537 1134 3664 ofOrganicRem..111.‘.

187 3685 258 3752 Ρῑὸ·
283 3689 355 3736 ²11·
720 3739 722 3743 ,
