2952 4838
617 631 661 670 Ξ
1091 631 1135 709 17

194 727 311 804 teriori
338 725 510 826 ¹divisioni
532 722 783 804 adnumeravit.
815 725 1018 823 Quamvis,
1055 753 1138 808 curu

194 834 266 906 hoc.
289 831 410 934 magis
429 831 574 905 facimus
593 855 698 931 quam
734 851 813 902 cum
840 830 925 923 illis,
958 830 1056 934 quod
1090 834 1138 910 ad

193 935 369 1038 propriam
390 934 519 1010 ordinis
539 932 742 1009 divisionem
755 931 887 1025 attinet,
908 935 1004 1009 nullo
1026 955 1140 1012 umen

194 1039 363 1114 adsentire
387 1063 597 1140 possumus,
631 1034 728 1138 quod
750 1033 796 1108 ad
835 1035 1049 1114 characteres
1082 1042 1140 1118 vel

194 1140 331 1216 nomina
346 1141 466 1215 harum
484 1139 702 1215 divisionum.
719 1139 836 1214 Primo
852 1138 1039 1216 Cuvrnnrus
1054 1143 1141 1220 dicit

195 1244 309 1318 omnia
328 1245 615 1344 Potyttatamta.
638 1243 730 1317 Lau.
746 1261 863 1318 testam
889 1261 1060 1320 externam
1075 1245 1141 1320 ha-

195 1345 279 1421 here
297 1403 308 1442 ,
332 1349 434 1448 eujus
466 1347 670 1421 contrarium
696 1347 843 1452 dbirnlo
869 1345 1030 1442 indicat,
1055 1347 1140 1423 dum

196 1470 301 1526 testae
314 1451 604 1524 Belemnitorum
615 1501 630 1538 ,
652 1449 999 1524 Ortboceratitnrum
1012 1469 1047 1524 et
1061 1475 1141 1527 om-

195 1555 292 1629 nium
326 1555 672 1650 Microscopicorum
693 1553 792 1626 etiam
817 1552 957 1654 quidem
988 1555 1141 1630 internae
1182 1625 1185 1632 .

196 1656 316 1733 haberi
339 1657 476 1752 debent,
491 1683 599 1758 quum
620 1655 799 1731 cavitatem
818 1656 985 1732 internam
1009 1660 1139 1734 nullam

197 1760 391 1852 ostendant,
421 1763 490 1861 qud
517 1760 640 1834 animal
672 1757 814 1834 recondi
851 1761 975 1859 potuit.
1005 1762 1142 1837 Deinde

197 1863 441 1940 &nwucennr
458 1865 669 1940 characteres
683 1864 785 1938 etiam
801 1862 912 1938 minus
927 1882 1020 1938 recte
1041 1866 1143 1941 nobis

195 1965 316 2040 dilecti
332 1965 511 2059 videntur,
528 1965 808 2066 quandoquidem
830 1967 895 2038 sub
910 1967 1034 2062 verbis,
1046 1969 1142 2042 Cor-

191 2093 267 2166 pus
289 2081 502 2158 testaceum,
527 2093 639 2167 aequo
658 2069 734 2165 jure
751 2068 998 2168 intelligeretur
1013 2093 1141 2170 corpus

199 2172 285 2244 testi
313 2169 515 2244 cohaerente
538 2195 641 2270 quam
667 2169 787 2242 libera.
800 2170 909 2244 Porro
944 2171 1143 2246 Lamencrrr

199 2273 305 2351 verba
348 2273 523 2348 Testocea
549 2293 584 2346 et
620 2273 888 2346 NonTastocec
911 2272 1011 2354 wem
1031 2274 1144 2348 minus

199 2394 292 2452 recte
332 2376 487 2451 desumto
527 2373 726 2468 videntur,
771 2403 881 2477 quum
921 2378 1032 2473 Sepia
1072 2402 1145 2456 nou

185 2481 313 2556 minus
347 2505 460 2580 quani
495 2481 742 2554 Nummulites
778 2482 863 2554 testt
907 2477 1034 2556 donata
1072 2480 1145 2559 dici

200 2583 316 2685 possit.
353 2583 505 2658 Tandem
542 2583 639 2684 quod
665 2582 712 2657 ad
735 2582 955 2658 Fruussaccrr
984 2585 1145 2660 denomi·

201 2688 369 2762 nationem
404 2687 456 2761 his
483 2685 710 2762 divisionibus
746 2686 977 2788 adjunctam,
1012 2689 1147 2775 Deca-

195 2791 333 2888 podiu‚
352 2816 485 2890 nempe,
502 2808 536 2862 et
552 2789 775 2886 Octopodio,
792 2810 901 2865 certat
920 2791 1006 2865 haec
1027 2793 1144 2864 notio-
1164 2790 1166 2794 ’

202 2894 315 2985 nibus,
328 2919 414 2992 quas
424 2894 470 2968 de
482 2893 618 2968 animali
629 2895 779 2966 Noutili
787 2919 891 2994 supra
904 2899 1145 2992 exposuimns3

202 3021 244 3070 ex
283 2997 410 3094 quibus
451 2996 600 3072 vidimus
639 2996 727 3071 illud
758 3021 827 3069 non
867 2995 994 3068 habere
1025 2995 1145 3068 decem

201 3095 345 3172 brachia
379 3098 439 3180 sed
473 3100 590 3199 plures
626 3099 766 3174 laminas
802 3097 867 3173 sihi
909 3096 1144 3170 incumbentes

202 3200 391 3302 digitatas,
418 3227 503 3302 quas
540 3203 721 3276 Ruuemus
745 3221 812 3276 tam
837 3199 986 3302 diligens
1023 3199 1146 3273 obser-

208 3324 307 3381 vator
320 3359 331 3397 ,
345 3329 449 3405 quam
465 3297 557 3381 certe
572 3331 641 3380 non
657 3306 765 3380 finxit.
779 3304 865 3378 Inde
881 3303 1037 3419 sequitur
1059 3327 1145 3405 ergo

205 3405 432 3482 immutandos
457 3434 526 3483 esse
540 3407 751 3483 characteres
764 3426 797 3481 et
812 3407 878 3482 alia
893 3425 992 3480 ettam
1010 3407 1146 3482 uomina
1264 3455 1266 3460 -

206 3509 434 3586 divisionibus
459 3511 525 3588 illis
557 3511 724 3612 primariis
752 3507 958 3610 imponenda
988 3534 1077 3599 esse,
1105 3530 1147 3588 ut

206 3614 375 3716 quadrent
386 3640 466 3690 cum
486 3611 709 3706 animalibus,
725 3640 814 3714 quae
825 3611 870 3689 ad
890 3612 965 3690 illas
983 3615 1145 3688 referun—
1213 3701 1216 3708 Ι

207 3735 272 3792 tur.
291 3718 430 3796 servata
456 3720 564 3824 igitur
587 3717 737 3822 generali
763 3715 1020 3813 distributione,
1039 3742 1144 3819 quatu

917 3871 939 3946 3
