2940 4838
314 723 534 802 accensenda.
545 727 720 800 Barcinus
740 724 881 828 quidem
894 749 1009 802 omnes
1020 721 1246 804 Balamm'lar

316 833 399 904 tales
418 829 531 930 spinas
553 831 675 924 babere
692 827 813 924 affert,
833 828 893 904 sed
914 831 970 904 ille
986 830 1147 907 sententia
1164 855 1247 932 pos-

313 935 493 1010 terioribns
515 933 810 1010 observationibus
831 931 893 1008 din
923 935 1050 1032 rejecta
1078 951 1138 1008 est.

325 1077 327 1084 ,
366 1034 534 1110 Addeuda
552 1037 718 1137 quaedam
734 1053 860 1112 restant
881 1034 925 1109 de
947 1039 1077 1112 nucleis
1092 1034 1248 1140 Belem-5

315 1141 493 1230 tritarum,
511 1140 546 1211 iu
569 1157 733 1238 quantum
746 1139 860 1238 plures
876 1157 977 1211 testae
1004 1140 1107 1238 septis
1137 1155 1248 1212 transi

245 1334 248 1339 .
313 1245 417 1340 versis
439 1240 579 1342 integris
592 1242 738 1316 donatae
762 1260 795 1316 et
808 1267 894 1342 quae
911 1241 1019 1316 forma
1040 1244 1246 1317 conveniunt

275 1392 277 1400 ·
314 1367 393 1418 cum
417 1343 539 1416 nucleo
568 1345 795 1418 Belemnr'tce
821 1347 989 1445 gigantei
1022 1345 1245 1420 Scuuorerrur

311 1445 528 1544 (Callirrhoe'
550 1447 688 1520 Monrr.
699 1447 737 1544 ),
754 1447 799 1522 ad
811 1450 1035 1520 Belemnitcs
1049 1446 1245 1524 referendae

315 1549 406 1641 sint,
432 1573 547 1624 necue.
577 1551 801 1643 Sownnexus,
823 1549 900 1652 qui,
922 1550 958 1622 in
984 1575 1086 1650 opere
1112 1547 1245 1648 saepius

312 1671 515 1740 memorato,
539 1655 728 1755 complures
745 1651 942 1753 descripsit,
965 1653 1039 1726 rllas
1052 1671 1151 1726 testas
1161 1677 1245 1724 aua-

311 1752 409 1854 logas
447 1755 574 1828 formae
610 1751 766 1829 laudatae
795 1755 918 1830 dividit
943 1755 979 1858 in
1005 1755 1080 1829 illas
1103 1754 1245 1854 siphone

313 1856 453 1930 centrali
481 1858 574 1931 etin
597 1858 671 1932 illas
695 1858 835 1958 sipboue
864 1859 1077 1950 excentrica,
1102 1857 1245 1956 illasque

310 1958 521 2034 subnomiue
543 1961 704 2064 generice
727 1962 972 2052 Belemnr'tee,
1003 1960 1064 2036 bas
1084 1961 1243 2036 verosub

311 2061 579 2140 denominatione
602 2051 818 2137 Orthoberce
841 2064 992 2166 distinxit
1008 2064 1095 2162 (31).
1113 2062 1245 2163 'Sipbo-

310 2164 362 2240 uis
391 2191 472 2241 vero
501 2168 560 2240 illa
584 2166 760 2267 dispositio
788 2187 931 2268 utraque
960 2186 1027 2240 tam
1058 2165 1244 2242 insensibili

312 2268 477 2370 graduex
498 2271 564 2344 alia
586 2272 622 2342 iu
644 2271 744 2342 aliam
765 2271 900 2362 manus,
926 2289 964 2344 ut
980 2271 1015 2342 in
1044 2269 1244 2346 Ortlrocera
1452 2285 1454 2396 l

311 2373 486 2445 annulata
505 2373 682 2448 Sowuuuxx
702 2397 733 2446 v.
764 2397 815 2463 c.,
846 2373 1100 2447 num'centralis
1122 2399 1164 2446 au
1181 2397 1242 2444 ex·
1453 2405 1454 2416 ¹

311 2477 480 2548 centricus
506 2465 671 2548 dicendus
684 2475 731 2546 sit
761 2474 877 2574 sipbo,
901 2476 1103 2550 haereamus
1129 2475 1241 2550 Prae-

310 2595 402 2652 terea
428 2572 575 2652 vidimus
601 2577 636 2650 in
671 2579 856 2651 Naatileis
879 2599 911 2654 et
930 2581 1107 2676 Spiruleis
1138 2577 1239 2654 situm

311 2677 570 2778 siphonisvalde
594 2681 629 2752 in
653 2679 795 2756 diversis
819 2683 998 2783 speciebus
1021 2679 1180 2774 differre,
1203 2699 1261 2766 ut.

311 2779 525 2881 quidamvir
553 2781 588 2855 iu
616 2784 688 2866 ullo
708 2785 810 2885 plane
837 2777 1027 2860 conveniat
1063 2782 1242 2878 Tandem,

310 2885 511 2984 comparatis
533 2886 729 2986 speciebus,
753 2914 837 2987 quas
861 2888 907 2962 ad
941 2887 1156 2960 Ortlrocerca
1182 2913 1240 2958 re-

310 2986 376 3060 fert
399 2987 626 3081 Sownrturirs,
650 2993 789 3067 maxime
806 2989 976 3094 indigesta
994 2989 1078 3064 ¹inde
1103 2989 1238 3062 enasci·
1454 3025 1455 3062 ;

309 3091 496 3164 turmales.
526 3091 577 3166 Ut
600 3093 708 3194 igitur
734 3113 917 3192 utrumque
933 3119 1043 3196 genus
1070 3091 1241 3165 suislimi·

308 3193 401 3266 tibus
438 3195 564 3269 ,melius
600 3195 910 3288 circumscribatur,
948 3195 1034 3269 alius
1066 3189 1242 3270 character
1454 3197 1455 3214 ¹

310 3294 525 3394 quaerendus
550 3314 599 3371 est
634 3317 668 3369 et
710 3297 806 3372 hicce
834 3297 972 3399 quidem
998 3299 1168 3390 iuvenitur
1203 3296 1240 3372 iu
1454 3305 1455 3312 ’

227 3481 229 3490 Ι
306 3397 417 3471 forma
435 3399 569 3484 diversa¹
596 3418 698 3474 testae
720 3394 775 3484 rel
796 3402 916 3476 conica
944 3403 998 3476 rel
1035 3399 1238 3502 cylindrical.

309 3499 409 3600 Quae
431 3505 568 3576 conicac
589 3498 686 3589 snut,
723 3529 877 3606 maguam
908 3501 1058 3578 offerunt
1091 3503 1239 3576 affinita-

311 3619 377 3696 tem
406 3628 483 3677 cum
505 3605 627 3678 nucleo
651 3607 877 3692 Belemnr'toe
896 3609 1063 3708 gigantei
1089 3610 1239 3706 Soanos.

352 3772 425 3864 (51)
441 3750 635 3866 couno,
657 3775 777 3852 coum
801 3777 817 3844 1
836 3801 908 3872 pag,
929 3798 983 3870 27.
