<?xml version="1.0" encoding="UTF-8"?>
<!DOCTYPE html PUBLIC "-//W3C//DTD XHTML 1.0 Transitional//EN"
    "http://www.w3.org/TR/xhtml1/DTD/xhtml1-transitional.dtd">
<html xmlns="http://www.w3.org/1999/xhtml" xml:lang="en" lang="en">
 <head>
  <title>
</title>
<meta http-equiv="Content-Type" content="text/html;charset=utf-8" />
  <meta name='ocr-system' content='tesseract 3.04.00' />
  <meta name='ocr-capabilities' content='ocr_page ocr_carea ocr_par ocr_line ocrx_word'/>
</head>
<body>
  <div class='ocr_page' id='page_1' title='image "./monographiaeamm00haangoog_0033.png"; bbox 0 0 2952 4838; ppageno 0'>
   <div class='ocr_carea' id='block_1_1' title="bbox 347 661 839 709">
    <p class='ocr_par' dir='ltr' id='par_1_1' title="bbox 347 661 839 709">
     <span class='ocr_line' id='line_1_1' title="bbox 347 661 839 709; baseline 0.002 -1"><span class='ocrx_word' id='word_1_1' title='bbox 347 661 397 709; x_wconf 81' lang='lat'><strong>20</strong></span> <span class='ocrx_word' id='word_1_2' title='bbox 796 665 839 702; x_wconf 72' lang='lat'>²</span> 
     </span>
    </p>
   </div>
   <div class='ocr_carea' id='block_1_2' title="bbox 342 757 1285 1377">
    <p class='ocr_par' dir='ltr' id='par_1_2' title="bbox 342 757 1285 1377">
     <span class='ocr_line' id='line_1_2' title="bbox 345 757 1285 858; baseline -0.004 -20"><span class='ocrx_word' id='word_1_3' title='bbox 345 763 455 855; x_wconf 88' lang='lat' dir='ltr'><strong>dicto,</strong></span> <span class='ocrx_word' id='word_1_4' title='bbox 474 760 670 837; x_wconf 85' lang='lat' dir='ltr'><strong>distinctum</strong></span> <span class='ocrx_word' id='word_1_5' title='bbox 690 761 818 835; x_wconf 90' lang='lat' dir='ltr'><strong>suturis</strong></span> <span class='ocrx_word' id='word_1_6' title='bbox 842 757 1007 853; x_wconf 76' lang='lat' dir='ltr'><strong>sinuosis,</strong></span> <span class='ocrx_word' id='word_1_7' title='bbox 1021 757 1127 858; x_wconf 82' lang='lat' dir='ltr'><strong>&#39;quod</strong></span> <span class='ocrx_word' id='word_1_8' title='bbox 1148 784 1230 836; x_wconf 82' lang='lat' dir='ltr'><strong>vero</strong></span> <span class='ocrx_word' id='word_1_9' title='bbox 1248 759 1285 834; x_wconf 91' lang='lat' dir='ltr'><strong>in</strong></span> 
     </span>
     <span class='ocr_line' id='line_1_3' title="bbox 345 861 1283 967; baseline -0.003 -26"><span class='ocrx_word' id='word_1_10' title='bbox 345 865 516 967; x_wconf 89' lang='lat' dir='ltr'><strong>operibus</strong></span> <span class='ocrx_word' id='word_1_11' title='bbox 532 879 648 967; x_wconf 85' lang='lat' dir='ltr'><strong>postea</strong></span> <span class='ocrx_word' id='word_1_12' title='bbox 664 864 722 936; x_wconf 67' lang='lat' dir='ltr'><strong>‘ab</strong></span> <span class='ocrx_word' id='word_1_13' title='bbox 754 865 830 964; x_wconf 87' lang='lat' dir='ltr'><strong>ipso</strong></span> <span class='ocrx_word' id='word_1_14' title='bbox 865 861 963 936; x_wconf 91' lang='lat' dir='ltr'><strong>editis</strong></span> <span class='ocrx_word' id='word_1_15' title='bbox 999 863 1124 963; x_wconf 86' lang='lat' dir='ltr'><strong>rejecit</strong></span> <span class='ocrx_word' id='word_1_16' title='bbox 1164 863 1283 955; x_wconf 88' lang='lat' dir='ltr'><strong>Quum</strong></span> 
     </span>
     <span class='ocr_line' id='line_1_4' title="bbox 344 965 1284 1069; baseline -0.001 -27"><span class='ocrx_word' id='word_1_17' title='bbox 344 989 457 1043; x_wconf 87' lang='lat' dir='ltr'><strong>autern</strong></span> <span class='ocrx_word' id='word_1_18' title='bbox 479 969 698 1069; x_wconf 87' lang='lat' dir='ltr'><strong>perdistincta</strong></span> <span class='ocrx_word' id='word_1_19' title='bbox 722 967 765 1040; x_wconf 94' lang='lat' dir='ltr'><strong>sit</strong></span> <span class='ocrx_word' id='word_1_20' title='bbox 792 987 908 1040; x_wconf 88' lang='lat' dir='ltr'><strong>tuma</strong></span> <span class='ocrx_word' id='word_1_21' title='bbox 935 967 1122 1039; x_wconf 80' lang='lat' dir='ltr'><strong>Naulileis</strong></span> <span class='ocrx_word' id='word_1_22' title='bbox 1143 965 1189 1040; x_wconf 86' lang='lat' dir='ltr'><strong>ab</strong></span> <span class='ocrx_word' id='word_1_23' title='bbox 1216 967 1284 1042; x_wconf 83' lang='lat' dir='ltr'><strong>alia</strong></span> 
     </span>
     <span class='ocr_line' id='line_1_5' title="bbox 343 1068 1283 1173; baseline -0.001 -28"><span class='ocrx_word' id='word_1_24' title='bbox 343 1092 541 1173; x_wconf 86' lang='lat' dir='ltr'><strong>parte‚tum</strong></span> <span class='ocrx_word' id='word_1_25' title='bbox 565 1074 610 1144; x_wconf 91' lang='lat' dir='ltr'><strong>ab</strong></span> <span class='ocrx_word' id='word_1_26' title='bbox 628 1072 882 1142; x_wconf 82' lang='lat' dir='ltr'><strong>Ammoniteis</strong></span> <span class='ocrx_word' id='word_1_27' title='bbox 904 1069 948 1142; x_wconf 88' lang='lat' dir='ltr'><strong>ab</strong></span> <span class='ocrx_word' id='word_1_28' title='bbox 970 1070 1089 1164; x_wconf 87' lang='lat' dir='ltr'><strong>altera,</strong></span> <span class='ocrx_word' id='word_1_29' title='bbox 1103 1068 1195 1142; x_wconf 87' lang='lat' dir='ltr'><strong>illam</strong></span> <span class='ocrx_word' id='word_1_30' title='bbox 1206 1096 1283 1144; x_wconf 78' lang='lat' dir='ltr'><strong>res==</strong></span> 
     </span>
     <span class='ocr_line' id='line_1_6' title="bbox 342 1173 1281 1274; baseline -0.003 -25"><span class='ocrx_word' id='word_1_31' title='bbox 342 1175 530 1250; x_wconf 79' lang='lat' dir='ltr'><strong>timendam</strong></span> <span class='ocrx_word' id='word_1_32' title='bbox 562 1173 784 1274; x_wconf 85' lang='lat' dir='ltr'>proponimus</span> <span class='ocrx_word' id='word_1_33' title='bbox 797 1174 872 1247; x_wconf 88' lang='lat' dir='ltr'><strong>sub</strong></span> <span class='ocrx_word' id='word_1_34' title='bbox 901 1174 1039 1246; x_wconf 87' lang='lat' dir='ltr'><strong>nornine</strong></span> <span class='ocrx_word' id='word_1_35' title='bbox 1074 1173 1281 1248; x_wconf 66' lang='lat' dir='ltr'><strong>Gontirtite-</strong></span> 
     </span>
     <span class='ocr_line' id='line_1_7' title="bbox 342 1273 1087 1377; baseline -0.008 -24"><span class='ocrx_word' id='word_1_36' title='bbox 342 1305 456 1373; x_wconf 86' lang='lat' dir='ltr'><strong>orum,</strong></span> <span class='ocrx_word' id='word_1_37' title='bbox 472 1303 543 1377; x_wconf 89' lang='lat' dir='ltr'><strong>quo</strong></span> <span class='ocrx_word' id='word_1_38' title='bbox 559 1277 663 1352; x_wconf 84' lang='lat' dir='ltr'><strong>illam.</strong></span> <span class='ocrx_word' id='word_1_39' title='bbox 674 1273 799 1350; x_wconf 91' lang='lat' dir='ltr'><strong>deinde</strong></span> <span class='ocrx_word' id='word_1_40' title='bbox 824 1275 1087 1354; x_wconf 76' lang='lat' dir='ltr'><strong>recensebimus.</strong></span> 
     </span>
    </p>
   </div>
   <div class='ocr_carea' id='block_1_3' title="bbox 258 1401 1364 2950">
    <p class='ocr_par' dir='ltr' id='par_1_3' title="bbox 258 1401 1364 2950">
     <span class='ocr_line' id='line_1_8' title="bbox 393 1401 1364 1507; baseline 0.001 -31"><span class='ocrx_word' id='word_1_41' title='bbox 393 1407 434 1478; x_wconf 92' lang='lat' dir='ltr'><strong>In</strong></span> <span class='ocrx_word' id='word_1_42' title='bbox 451 1405 760 1501; x_wconf 81' lang='lat' dir='ltr'><strong>Asipltonoi&#39;deis.</strong></span> <span class='ocrx_word' id='word_1_43' title='bbox 775 1403 821 1476; x_wconf 93' lang='lat' dir='ltr'><strong>N.</strong></span> <span class='ocrx_word' id='word_1_44' title='bbox 846 1402 934 1476; x_wconf 87' lang='lat' dir='ltr'><strong>duae</strong></span> <span class='ocrx_word' id='word_1_45' title='bbox 958 1401 1126 1507; x_wconf 84' lang='lat' dir='ltr'><strong>distingui</strong></span> <span class='ocrx_word' id='word_1_46' title='bbox 1150 1403 1280 1479; x_wconf 88' lang='lat' dir='ltr'><strong>debent</strong></span> <span class='ocrx_word' id='word_1_47' title='bbox 1363 1497 1364 1502; x_wconf 5' lang='grc' dir='ltr'>ἵ</span> 
     </span>
     <span class='ocr_line' id='line_1_9' title="bbox 342 1502 1280 1610; baseline -0.002 -28"><span class='ocrx_word' id='word_1_48' title='bbox 342 1509 469 1582; x_wconf 90' lang='lat' dir='ltr'><strong>tribus:</strong></span> <span class='ocrx_word' id='word_1_49' title='bbox 501 1508 537 1581; x_wconf 90' lang='lat' dir='ltr'><strong>in</strong></span> <span class='ocrx_word' id='word_1_50' title='bbox 571 1502 676 1583; x_wconf 70' lang='lat' dir='ltr'><strong>alteru</strong></span> <span class='ocrx_word' id='word_1_51' title='bbox 707 1509 881 1582; x_wconf 85' lang='lat' dir='ltr'><strong>anfractus</strong></span> <span class='ocrx_word' id='word_1_52' title='bbox 906 1508 1030 1581; x_wconf 77' lang='lat' dir='ltr'><strong>lamina</strong></span> <span class='ocrx_word' id='word_1_53' title='bbox 1063 1508 1209 1610; x_wconf 84' lang='lat' dir='ltr'><strong>simplici</strong></span> <span class='ocrx_word' id='word_1_54' title='bbox 1224 1509 1280 1583; x_wconf 88' lang='lat' dir='ltr'><strong>vel</strong></span> 
     </span>
     <span class='ocr_line' id='line_1_10' title="bbox 340 1611 1277 1714; baseline 0.001 -29"><span class='ocrx_word' id='word_1_55' title='bbox 340 1613 436 1686; x_wconf 80' lang='lat' dir='ltr'><strong>nult</strong></span> <span class='ocrx_word' id='word_1_56' title='bbox 446 1612 674 1714; x_wconf 85' lang='lat' dir='ltr'><strong>obteguntur:</strong></span> <span class='ocrx_word' id='word_1_57' title='bbox 687 1615 723 1685; x_wconf 89' lang='lat' dir='ltr'><strong>in</strong></span> <span class='ocrx_word' id='word_1_58' title='bbox 734 1613 837 1684; x_wconf 71' lang='lat' dir='ltr'><strong>altera</strong></span> <span class='ocrx_word' id='word_1_59' title='bbox 848 1637 930 1686; x_wconf 87' lang='lat' dir='ltr'><strong>vero</strong></span> <span class='ocrx_word' id='word_1_60' title='bbox 942 1611 1161 1686; x_wconf 88' lang='lat' dir='ltr'><strong>inveniuntur</strong></span> <span class='ocrx_word' id='word_1_61' title='bbox 1174 1630 1277 1709; x_wconf 81' lang='lat' dir='ltr'><strong>testae</strong></span> 
     </span>
     <span class='ocr_line' id='line_1_11' title="bbox 340 1714 1280 1816; baseline 0 -28"><span class='ocrx_word' id='word_1_62' title='bbox 340 1742 360 1788; x_wconf 85' lang='lat' dir='ltr'><strong>e</strong></span> <span class='ocrx_word' id='word_1_63' title='bbox 381 1716 507 1793; x_wconf 89' lang='lat' dir='ltr'><strong>tabulis</strong></span> <span class='ocrx_word' id='word_1_64' title='bbox 530 1716 685 1814; x_wconf 86' lang='lat' dir='ltr'><strong>plurimis</strong></span> <span class='ocrx_word' id='word_1_65' title='bbox 699 1714 764 1789; x_wconf 92' lang='lat' dir='ltr'><strong>sibi</strong></span> <span class='ocrx_word' id='word_1_66' title='bbox 787 1716 933 1792; x_wconf 89' lang='lat' dir='ltr'><strong>invicem</strong></span> <span class='ocrx_word' id='word_1_67' title='bbox 958 1714 1184 1816; x_wconf 84' lang='lat' dir='ltr'><strong>injacentibus</strong></span> <span class='ocrx_word' id='word_1_68' title='bbox 1203 1716 1280 1788; x_wconf 85' lang='lat' dir='ltr'><strong>for-</strong></span> 
     </span>
     <span class='ocr_line' id='line_1_12' title="bbox 258 1819 1279 1918; baseline -0.002 -26"><span class='ocrx_word' id='word_1_69' title='bbox 258 1837 266 1848; x_wconf 76' lang='lat'>·</span> <span class='ocrx_word' id='word_1_70' title='bbox 340 1839 462 1892; x_wconf 82' lang='lat' dir='ltr'><strong>mutae.</strong></span> <span class='ocrx_word' id='word_1_71' title='bbox 491 1819 612 1894; x_wconf 86' lang='lat' dir='ltr'><strong>Priora</strong></span> <span class='ocrx_word' id='word_1_72' title='bbox 633 1821 921 1915; x_wconf 84' lang='lat' dir='ltr'><strong>Microscopica,</strong></span> <span class='ocrx_word' id='word_1_73' title='bbox 939 1819 1125 1918; x_wconf 81' lang='lat' dir='ltr'><strong>posteriora</strong></span> <span class='ocrx_word' id='word_1_74' title='bbox 1144 1819 1279 1905; x_wconf 73' lang='lat' dir='ltr'><strong>Conta-</strong></span> 
     </span>
     <span class='ocr_line' id='line_1_13' title="bbox 335 1919 1279 2022; baseline 0.003 -28"><span class='ocrx_word' id='word_1_75' title='bbox 335 1924 467 1995; x_wconf 70' lang='lat' dir='ltr'><strong>touta</strong></span> <span class='ocrx_word' id='word_1_76' title='bbox 491 1921 646 1996; x_wconf 76' lang='lat' dir='ltr'><strong>dicimus</strong></span> <span class='ocrx_word' id='word_1_77' title='bbox 671 1963 715 1978; x_wconf 91' lang='lat'><em>—</em></span> <span class='ocrx_word' id='word_1_78' title='bbox 738 1923 828 2021; x_wconf 85' lang='lat' dir='ltr'><strong>Apte</strong></span> <span class='ocrx_word' id='word_1_79' title='bbox 849 1919 988 2022; x_wconf 90' lang='lat' dir='ltr'><strong>quidem</strong></span> <span class='ocrx_word' id='word_1_80' title='bbox 1008 1922 1066 1994; x_wconf 87' lang='lat' dir='ltr'><strong>illa</strong></span> <span class='ocrx_word' id='word_1_81' title='bbox 1088 1920 1138 1995; x_wconf 92' lang='lat' dir='ltr'><strong>sic</strong></span> <span class='ocrx_word' id='word_1_82' title='bbox 1163 1919 1279 1997; x_wconf 87' lang='lat' dir='ltr'><strong>dicere</strong></span> 
     </span>
     <span class='ocr_line' id='line_1_14' title="bbox 338 2024 1278 2126; baseline 0 -28"><span class='ocrx_word' id='word_1_83' title='bbox 338 2025 555 2125; x_wconf 81' lang='lat' dir='ltr'><strong>putavimus,</strong></span> <span class='ocrx_word' id='word_1_84' title='bbox 569 2051 709 2126; x_wconf 79' lang='lat' dir='ltr'><strong>quante</strong></span> <span class='ocrx_word' id='word_1_85' title='bbox 732 2026 825 2110; x_wconf 84' lang='lat' dir='ltr'><strong>testis</strong></span> <span class='ocrx_word' id='word_1_86' title='bbox 852 2026 989 2101; x_wconf 84' lang='lat' dir='ltr'><strong>minutis</strong></span> <span class='ocrx_word' id='word_1_87' title='bbox 1011 2025 1142 2123; x_wconf 85' lang='lat' dir='ltr'><strong>aliquot</strong></span> <span class='ocrx_word' id='word_1_88' title='bbox 1165 2024 1278 2098; x_wconf 85' lang='lat' dir='ltr'><strong>linea-</strong></span> 
     </span>
     <span class='ocr_line' id='line_1_15' title="bbox 337 2125 1278 2231; baseline 0.003 -30"><span class='ocrx_word' id='word_1_89' title='bbox 337 2155 415 2202; x_wconf 86' lang='lat' dir='ltr'><strong>turn</strong></span> <span class='ocrx_word' id='word_1_90' title='bbox 440 2148 570 2204; x_wconf 89' lang='lat' dir='ltr'><strong>tantum</strong></span> <span class='ocrx_word' id='word_1_91' title='bbox 581 2128 799 2231; x_wconf 84' lang='lat' dir='ltr'><strong>longitudine</strong></span> <span class='ocrx_word' id='word_1_92' title='bbox 814 2149 976 2203; x_wconf 81' lang='lat' dir='ltr'><strong>constent.</strong></span> <span class='ocrx_word' id='word_1_93' title='bbox 996 2125 1108 2202; x_wconf 82' lang='lat' dir='ltr'><strong>Valde</strong></span> <span class='ocrx_word' id='word_1_94' title='bbox 1125 2125 1278 2205; x_wconf 87' lang='lat' dir='ltr'><strong>miranda</strong></span> 
     </span>
     <span class='ocr_line' id='line_1_16' title="bbox 338 2231 1277 2326; baseline 0 -20"><span class='ocrx_word' id='word_1_95' title='bbox 338 2253 388 2306; x_wconf 91' lang='lat' dir='ltr'><strong>est</strong></span> <span class='ocrx_word' id='word_1_96' title='bbox 423 2258 541 2307; x_wconf 91' lang='lat' dir='ltr'><strong>eorum</strong></span> <span class='ocrx_word' id='word_1_97' title='bbox 580 2252 652 2307; x_wconf 88' lang='lat' dir='ltr'><strong>turn</strong></span> <span class='ocrx_word' id='word_1_98' title='bbox 684 2251 856 2306; x_wconf 82' lang='lat' dir='ltr'><strong>structura</strong></span> <span class='ocrx_word' id='word_1_99' title='bbox 892 2231 1140 2326; x_wconf 86' lang='lat' dir='ltr'><strong>diversissima,</strong></span> <span class='ocrx_word' id='word_1_100' title='bbox 1167 2231 1277 2306; x_wconf 89' lang='lat' dir='ltr'><strong>oculis</strong></span> 
     </span>
     <span class='ocr_line' id='line_1_17' title="bbox 338 2334 1276 2435; baseline -0.002 -27"><span class='ocrx_word' id='word_1_101' title='bbox 338 2337 474 2410; x_wconf 70' lang='lat' dir='ltr'><strong>minatis</strong></span> <span class='ocrx_word' id='word_1_102' title='bbox 503 2353 633 2408; x_wconf 86' lang='lat' dir='ltr'><strong>tanturn</strong></span> <span class='ocrx_word' id='word_1_103' title='bbox 657 2335 744 2407; x_wconf 90' lang='lat' dir='ltr'><strong>bene</strong></span> <span class='ocrx_word' id='word_1_104' title='bbox 768 2334 1028 2434; x_wconf 87' lang='lat' dir='ltr'><strong>conspicienda,</strong></span> <span class='ocrx_word' id='word_1_105' title='bbox 1057 2353 1129 2408; x_wconf 86' lang='lat' dir='ltr'><strong>turn</strong></span> <span class='ocrx_word' id='word_1_106' title='bbox 1156 2335 1276 2435; x_wconf 87' lang='lat' dir='ltr'><strong>copia,</strong></span> 
     </span>
     <span class='ocr_line' id='line_1_18' title="bbox 338 2436 1277 2540; baseline 0.002 -31"><span class='ocrx_word' id='word_1_107' title='bbox 338 2463 428 2538; x_wconf 81' lang='lat' dir='ltr'><strong>quae</strong></span> <span class='ocrx_word' id='word_1_108' title='bbox 448 2437 542 2512; x_wconf 89' lang='lat' dir='ltr'><strong>omni</strong></span> <span class='ocrx_word' id='word_1_109' title='bbox 563 2436 770 2540; x_wconf 83' lang='lat' dir='ltr'><strong>cogitatione</strong></span> <span class='ocrx_word' id='word_1_110' title='bbox 793 2440 899 2538; x_wconf 90' lang='lat' dir='ltr'><strong>major</strong></span> <span class='ocrx_word' id='word_1_111' title='bbox 913 2457 977 2530; x_wconf 91' lang='lat' dir='ltr'><strong>est,</strong></span> <span class='ocrx_word' id='word_1_112' title='bbox 997 2436 1277 2539; x_wconf 90' lang='lat' dir='ltr'><strong>quandoquidem</strong></span> 
     </span>
     <span class='ocr_line' id='line_1_19' title="bbox 336 2540 1276 2643; baseline 0.001 -29"><span class='ocrx_word' id='word_1_113' title='bbox 336 2559 425 2614; x_wconf 87' lang='lat' dir='ltr'><strong>totae</strong></span> <span class='ocrx_word' id='word_1_114' title='bbox 451 2540 608 2641; x_wconf 84' lang='lat' dir='ltr'><strong>regiones</strong></span> <span class='ocrx_word' id='word_1_115' title='bbox 637 2540 688 2613; x_wconf 92' lang='lat' dir='ltr'><strong>uti</strong></span> <span class='ocrx_word' id='word_1_116' title='bbox 719 2540 758 2613; x_wconf 92' lang='lat' dir='ltr'><strong>in</strong></span> <span class='ocrx_word' id='word_1_117' title='bbox 787 2540 1037 2643; x_wconf 84' lang='lat' dir='ltr'><strong>Transylvan&#39;ia</strong></span> <span class='ocrx_word' id='word_1_118' title='bbox 1060 2560 1093 2616; x_wconf 91' lang='lat' dir='ltr'><strong>et</strong></span> <span class='ocrx_word' id='word_1_119' title='bbox 1120 2543 1157 2614; x_wconf 92' lang='lat' dir='ltr'><strong>in</strong></span> <span class='ocrx_word' id='word_1_120' title='bbox 1185 2541 1276 2615; x_wconf 88' lang='lat' dir='ltr'><strong>Mari</strong></span> 
     </span>
     <span class='ocr_line' id='line_1_20' title="bbox 335 2641 1277 2720; baseline 0.004 -6"><span class='ocrx_word' id='word_1_121' title='bbox 335 2641 585 2717; x_wconf 85' lang='lat' dir='ltr'><strong>Mediterraneo</strong></span> <span class='ocrx_word' id='word_1_122' title='bbox 613 2642 736 2718; x_wconf 89' lang='lat' dir='ltr'><strong>vicinis</strong></span> <span class='ocrx_word' id='word_1_123' title='bbox 771 2669 814 2717; x_wconf 86' lang='lat' dir='ltr'><strong>ex</strong></span> <span class='ocrx_word' id='word_1_124' title='bbox 836 2643 889 2718; x_wconf 91' lang='lat' dir='ltr'><strong>his</strong></span> <span class='ocrx_word' id='word_1_125' title='bbox 917 2645 1080 2720; x_wconf 83' lang='lat' dir='ltr'><strong>formatae</strong></span> <span class='ocrx_word' id='word_1_126' title='bbox 1114 2643 1190 2718; x_wconf 91' lang='lat' dir='ltr'><strong>sint.</strong></span> <span class='ocrx_word' id='word_1_127' title='bbox 1220 2645 1277 2718; x_wconf 83' lang='lat' dir='ltr'><strong>Ex</strong></span> 
     </span>
     <span class='ocr_line' id='line_1_21' title="bbox 336 2746 1276 2848; baseline 0.004 -30"><span class='ocrx_word' id='word_1_128' title='bbox 336 2746 522 2848; x_wconf 83' lang='lat' dir='ltr'><strong>generibus</strong></span> <span class='ocrx_word' id='word_1_129' title='bbox 565 2746 828 2820; x_wconf 68' lang='lat' dir='ltr'><strong>annuemus</strong></span> <span class='ocrx_word' id='word_1_130' title='bbox 871 2747 942 2822; x_wconf 91' lang='lat' dir='ltr'><strong>buc</strong></span> <span class='ocrx_word' id='word_1_131' title='bbox 980 2746 1158 2821; x_wconf 86' lang='lat' dir='ltr'><strong>reserenda</strong></span> <span class='ocrx_word' id='word_1_132' title='bbox 1196 2768 1276 2824; x_wconf 89' lang='lat' dir='ltr'><strong>sunt</strong></span> 
     </span>
     <span class='ocr_line' id='line_1_22' title="bbox 274 2847 1275 2950; baseline 0 -26"><span class='ocrx_word' id='word_1_133' title='bbox 274 2884 278 2892; x_wconf 88' lang='lat'><strong>·</strong></span> <span class='ocrx_word' id='word_1_134' title='bbox 333 2847 533 2950; x_wconf 75' lang='lat' dir='ltr'><strong>sequentia:</strong></span> <span class='ocrx_word' id='word_1_135' title='bbox 574 2849 790 2943; x_wconf 75' lang='grc' dir='ltr'><em>ΟνιΙιοσενα,</em></span> <span class='ocrx_word' id='word_1_136' title='bbox 830 2851 1047 2946; x_wconf 58' lang='lat' dir='ltr'><strong>Numerio,</strong></span> <span class='ocrx_word' id='word_1_137' title='bbox 1063 2853 1248 2947; x_wconf 81' lang='lat' dir='ltr'><strong>Spirolina</strong></span> <span class='ocrx_word' id='word_1_138' title='bbox 1258 2906 1275 2942; x_wconf 87' lang='lat'><em>,</em></span> 
     </span>
    </p>
   </div>
   <div class='ocr_carea' id='block_1_4' title="bbox 216 2941 1275 3046">
    <p class='ocr_par' dir='ltr' id='par_1_4' title="bbox 216 2941 1275 3046">
     <span class='ocr_line' id='line_1_23' title="bbox 216 2941 1275 3046; baseline 0.005 -23"><span class='ocrx_word' id='word_1_139' title='bbox 216 2941 221 2954; x_wconf 57' lang='lat'>⁸</span> <span class='ocrx_word' id='word_1_140' title='bbox 337 2953 529 3038; x_wconf 83' lang='lat' dir='ltr'><strong>Liluolea,</strong></span> <span class='ocrx_word' id='word_1_141' title='bbox 546 2951 746 3039; x_wconf 79' lang='lat' dir='ltr'><strong>Renulina,</strong></span> <span class='ocrx_word' id='word_1_142' title='bbox 765 2953 1013 3046; x_wconf 81' lang='lat' dir='ltr'><strong>Crislellaria,</strong></span> <span class='ocrx_word' id='word_1_143' title='bbox 1035 2954 1275 3044; x_wconf 76' lang='lat' dir='ltr'><strong>orbiculina,</strong></span> 
     </span>
    </p>
   </div>
   <div class='ocr_carea' id='block_1_5' title="bbox 239 3055 1277 3878">
    <p class='ocr_par' dir='ltr' id='par_1_5' title="bbox 239 3055 1277 3878">
     <span class='ocr_line' id='line_1_24' title="bbox 335 3055 1274 3151; baseline 0.002 -23"><span class='ocrx_word' id='word_1_144' title='bbox 335 3056 506 3147; x_wconf 80' lang='lat' dir='ltr'><strong>Rotalt&#39;a,</strong></span> <span class='ocrx_word' id='word_1_145' title='bbox 526 3055 779 3144; x_wconf 80' lang='lat' dir='ltr'><strong>Lenticulina,</strong></span> <span class='ocrx_word' id='word_1_146' title='bbox 803 3056 1042 3148; x_wconf 83' lang='lat' dir='ltr'><strong>Placentnla,</strong></span> <span class='ocrx_word' id='word_1_147' title='bbox 1060 3059 1274 3151; x_wconf 79' lang='lat' dir='ltr'><strong>Discordia,</strong></span> 
     </span>
     <span class='ocr_line' id='line_1_25' title="bbox 239 3159 1277 3255; baseline 0.005 -26"><span class='ocrx_word' id='word_1_148' title='bbox 239 3179 245 3190; x_wconf 87' lang='lat'><em>&#39;</em></span> <span class='ocrx_word' id='word_1_149' title='bbox 334 3159 621 3255; x_wconf 77' lang='lat' dir='ltr'><strong>Polystomelln,</strong></span> <span class='ocrx_word' id='word_1_150' title='bbox 652 3159 705 3231; x_wconf 90' lang='lat' dir='ltr'><em>V</em></span> <span class='ocrx_word' id='word_1_151' title='bbox 699 3159 888 3231; x_wconf 80' lang='lat' dir='ltr'><strong>orticialt&#39;s.</strong></span> <span class='ocrx_word' id='word_1_152' title='bbox 907 3161 963 3233; x_wconf 86' lang='lat' dir='ltr'><strong>Ex</strong></span> <span class='ocrx_word' id='word_1_153' title='bbox 988 3160 1041 3248; x_wconf 82' lang='lat' dir='ltr'><strong>his</strong></span> <span class='ocrx_word' id='word_1_154' title='bbox 1058 3159 1277 3254; x_wconf 78' lang='lat' dir='ltr'><strong>Ortltocera,</strong></span> 
     </span>
     <span class='ocr_line' id='line_1_26' title="bbox 334 3257 1273 3363; baseline 0.003 -30"><span class='ocrx_word' id='word_1_155' title='bbox 334 3261 542 3335; x_wconf 82' lang='lat' dir='ltr'><strong>Nodosaria</strong></span> <span class='ocrx_word' id='word_1_156' title='bbox 557 3287 593 3333; x_wconf 90' lang='lat' dir='ltr'><strong>se</strong></span> <span class='ocrx_word' id='word_1_157' title='bbox 606 3257 825 3363; x_wconf 84' lang='lat' dir='ltr'><strong>distinguunt</strong></span> <span class='ocrx_word' id='word_1_158' title='bbox 838 3263 923 3338; x_wconf 77' lang='lat' dir='ltr'><strong>resta</strong></span> <span class='ocrx_word' id='word_1_159' title='bbox 942 3264 1049 3337; x_wconf 68' lang='lat' dir='ltr'><strong>recta:</strong></span> <span class='ocrx_word' id='word_1_160' title='bbox 1067 3263 1273 3358; x_wconf 68' lang='lat' dir='ltr'><strong>opirolina,</strong></span> 
     </span>
     <span class='ocr_line' id='line_1_27' title="bbox 333 3363 1273 3465; baseline 0.005 -31"><span class='ocrx_word' id='word_1_161' title='bbox 333 3364 483 3436; x_wconf 81' lang='lat' dir='ltr'><strong>Lituola</strong></span> <span class='ocrx_word' id='word_1_162' title='bbox 503 3363 714 3438; x_wconf 85' lang='lat' dir='ltr'><strong>anfractibus</strong></span> <span class='ocrx_word' id='word_1_163' title='bbox 726 3364 930 3464; x_wconf 81' lang='lat' dir='ltr'><strong>spiralibus,</strong></span> <span class='ocrx_word' id='word_1_164' title='bbox 946 3366 1065 3440; x_wconf 87' lang='lat' dir='ltr'><strong>ultimo</strong></span> <span class='ocrx_word' id='word_1_165' title='bbox 1081 3383 1273 3465; x_wconf 89' lang='lat' dir='ltr'><strong>protracto:</strong></span> 
     </span>
     <span class='ocr_line' id='line_1_28' title="bbox 335 3466 1274 3568; baseline 0.004 -30"><span class='ocrx_word' id='word_1_166' title='bbox 335 3466 539 3554; x_wconf 83' lang='lat' dir='ltr'><strong>Rennlina,</strong></span> <span class='ocrx_word' id='word_1_167' title='bbox 571 3467 821 3562; x_wconf 57' lang='lat' dir='ltr'><strong>castellaria,</strong></span> <span class='ocrx_word' id='word_1_168' title='bbox 853 3469 1068 3543; x_wconf 83' lang='lat' dir='ltr'><strong>Orbicult&#39;na</strong></span> <span class='ocrx_word' id='word_1_169' title='bbox 1088 3469 1180 3568; x_wconf 64' lang='lat' dir='ltr'><strong>spirit</strong></span> <span class='ocrx_word' id='word_1_170' title='bbox 1194 3494 1274 3565; x_wconf 76' lang='lat' dir='ltr'><strong>¹‹trt-</strong></span> 
     </span>
     <span class='ocr_line' id='line_1_29' title="bbox 337 3568 1274 3666; baseline 0.006 -28"><span class='ocrx_word' id='word_1_171' title='bbox 337 3568 502 3640; x_wconf 70' lang='lat' dir='ltr'><strong>centrica:</strong></span> <span class='ocrx_word' id='word_1_172' title='bbox 519 3647 524 3662; x_wconf 36' lang='grc' dir='ltr'>Ι</span> <span class='ocrx_word' id='word_1_173' title='bbox 539 3570 707 3659; x_wconf 82' lang='lat' dir='ltr'><strong>Ilotalt&#39;a,</strong></span> <span class='ocrx_word' id='word_1_174' title='bbox 746 3572 980 3662; x_wconf 76' lang='lat' dir='ltr'><strong>Lenticulina</strong></span> <span class='ocrx_word' id='word_1_175' title='bbox 989 3623 1021 3666; x_wconf 21' lang='lat' dir='ltr'><strong>,a</strong></span> <span class='ocrx_word' id='word_1_176' title='bbox 1050 3572 1274 3644; x_wconf 82' lang='lat' dir='ltr'><strong>Placenlula</strong></span> 
     </span>
     <span class='ocr_line' id='line_1_30' title="bbox 336 3669 1272 3752; baseline 0.006 -10"><span class='ocrx_word' id='word_1_177' title='bbox 336 3669 548 3744; x_wconf 80' lang='lat' dir='ltr'><strong>anfractibus</strong></span> <span class='ocrx_word' id='word_1_178' title='bbox 583 3699 602 3744; x_wconf 91' lang='lat' dir='ltr'><strong>e</strong></span> <span class='ocrx_word' id='word_1_179' title='bbox 646 3693 763 3748; x_wconf 81' lang='lat' dir='ltr'><strong>centro</strong></span> <span class='ocrx_word' id='word_1_180' title='bbox 804 3673 1044 3752; x_wconf 86' lang='lat' dir='ltr'><strong>radiantibus:</strong></span> <span class='ocrx_word' id='word_1_181' title='bbox 1076 3675 1272 3751; x_wconf 74' lang='lat' dir='ltr'><strong>Discordia</strong></span> 
     </span>
     <span class='ocr_line' id='line_1_31' title="bbox 335 3773 823 3878; baseline 0.012 -30"><span class='ocrx_word' id='word_1_182' title='bbox 335 3792 539 3878; x_wconf 85' lang='lat' dir='ltr'><strong>caeteraque</strong></span> <span class='ocrx_word' id='word_1_183' title='bbox 561 3773 653 3876; x_wconf 77' lang='lat' dir='ltr'><strong>spinal</strong></span> <span class='ocrx_word' id='word_1_184' title='bbox 674 3776 823 3854; x_wconf 87' lang='lat' dir='ltr'><strong>centrali.</strong></span> 
     </span>
    </p>
   </div>
   <div class='ocr_carea' id='block_1_6' title="bbox 0 0 1480 4838">
    <p class='ocr_par' dir='ltr' id='par_1_6' title="bbox 0 0 1480 4838">
     <span class='ocr_line' id='line_1_32' title="bbox 0 0 1480 4838; baseline 0 4"><span class='ocrx_word' id='word_1_185' title='bbox 0 0 1480 4838; x_wconf 95' lang='lat' dir='ltr'><strong> </strong></span> 
     </span>
    </p>
   </div>
  </div>
 </body>
</html>
