2952 4838
338 600 388 696 ιι

390 751 469 826 Non
489 750 615 843 minus,
642 741 745 849 quam
786 749 829 822 13
854 773 992 850 genera,
1015 747 1073 822 htc
1098 748 1273 823 constituit

339 855 590 930 Monrronmns
613 877 632 924 e
657 852 767 940 testis,
797 877 887 952 quae
910 861 1024 924 ornnes
1053 853 1272 924 Betemnttis

339 955 609 1032 annumerandae
630 953 799 1031 ridentur.
813 954 911 1029 Ratio
926 979 1023 1044 vern,
1037 955 1136 1052 qna
1128 953 1174 1028 tta
1188 956 1271 1056 egit,

340 1084 408 1136 non
436 1079 563 1134 tantum
579 1057 774 1160 quaerenda
798 1057 897 1132 estin
920 1056 1130 1132 illimitato
1107 1083 1272 1174 generum

340 1163 675 1269 multiplicandorum
696 1157 885 1252 desideria,
903 1161 963 1234 sed
987 1160 1086 1235 etiam
1113 1162 1147 1232 ιιι
1183 1159 1272 1233 cha-

339 1263 540 1383 succesibus,
554 1289 641 1366 quos
651 1261 768 1340 dehoc
777 1265 1038 1368 genereprimus
1048 1239 1272 1336 Lausumrus

342 1362 499 1542 exposuit
514 1368 548 1440 in
564 1370 687 1442 Actis
708 1372 826 1442 Soctet
813 1371 899 1440 tatis
925 1369 1118 1440 Historiae
1144 1367 1189 1438 N
1187 1379 1272 1438 otu

341 1499 382 1545 ro
384 1475 432 1543 lis
456 1472 706 1546 Parisiensis:
732 1471 794 1571 qui
824 1491 926 1564 ιιιιιο,
956 1473 990 1571 in
1015 1470 1068 1542 his
1093 1469 1180 1542 notis
1203 1496 1273 1569 ge-

259 1575 261 1582 ’
340 1575 464 1667 sericis
486 1571 758 1670 conscribendis,
786 1573 916 1669 tantum
940 1563 1106 1676 spectavit
1131 1572 1274 1650 Belem·

341 1681 441 1750 triten
475 1691 722 1764 mucronaturu
747 1630 1025 1767 Sententiarum,
1043 1701 1176 1776 neque
1192 1675 1278 1748 alias

341 1779 472 1880 species
494 1780 676 1854 consuluit.
709 1779 817 1854 Notae
839 1805 921 1852 vero
954 1777 1049 1872 illae,
1082 1803 1186 1876 supra
1211 1803 1275 1852 suo

341 1884 420 1958 loco
433 1903 631 1956 memoratae
640 1885 823 2004 ‚sequetur
816 1882 986 1959 modost
1005 1879 1146 1966 habent:
1164 1881 1273 1968 Testa

342 1999 464 2075 recta,
480 1987 658 2085 elongato
669 2038 684 2073 ,
708 1990 854 2084 corrice,
884 1997 1014 2075 acuta,
1041 1985 1163 2088 canali
1183 1983 1274 2071 tate-

341 2091 438 2174 reli
424 2103 620 2182 restructa:
634 2069 773 2162 loculus
786 2090 928 2174 unicus,
948 2089 1110 2174 coricus,
1124 2079 1278 2164 auterio-

342 2194 443 2270 ribus
459 2206 638 2288 septorum
659 2206 822 2266 contactu
838 2191 899 2264 del
897 2193 978 2264 etis.
1006 2185 1181 2265 Maxim
1170 2189 1277 2290 tgitur
1332 2213 1334 2220 ·

343 2295 418 2395 jure
432 2296 685 2368 Pssxtnsoruus
701 2296 775 2367 illos
790 2287 1018 2392 characteres,
1030 2287 1187 2398 omnibus
1198 2317 1278 2390 spc-

345 2396 464 2468 ciebus
477 2397 654 2488 consultis,
668 2396 719 2469 uti
741 2423 845 2495 supra
858 2396 1055 2514 vidimus,
1045 2413 1276 2496 insequentes

345 2496 551 2591 immutavit,
568 2522 737 2598 quosque
756 2498 821 2572 nte
843 2499 1059 2600 repetimus,
1082 2520 1121 2572 ut
1145 2497 1279 2571 facilior

345 2597 425 2672 inde
451 2600 625 2674 enascatur
657 2601 891 2702 comparatio:
921 2603 1031 2674 Testa
1063 2602 1191 2674 conica
1216 2601 1280 2704 stet
1314 2621 1323 2640 ‘

338 2689 573 2822 [ιιιίἷιιιηιίις
598 2704 649 2775 ud
666 2719 808 2802 partem
833 2707 1052 2802 superiorem
1068 2707 1109 2776 in
1128 2699 1279 2776 acumen

344 2803 553 2893 terminata,
574 2803 663 2878 od
639 2821 783 2910 partem
799 2807 1032 2904 inferiorem
1036 2809 1183 2902 conica,
1206 2833 1278 2882 ex-

230 2901 237 2911 *
345 2921 500 2987 cavato:
527 2913 623 2982 coeit
623 2937 664 2982 as
609 2913 858 2984 tunoleum
871 2922 953 2983 eortt
954 2912 1058 3004 inens
1081 2911 1120 2983 ιιι
1142 2911 1280 2983 locuta-

336 3021 465 3082 menta
494 3012 673 3087 divisum:
702 3018 826 3110 septis
841 3015 979 3112 plano·
981 3015 1148 3104 concavis
1164 3026 1200 3084 et
1226 3016 1280 3086 si·
1347 3083 1352 3092 .

221 3190 223 3198 s
337 3116 461 3214 pleone
474 3115 686 3216 perforatis.
714 3117 821 3210 Nam,
842 3113 1074 3234 prioribus
1029 3113 1108 3188 cuin
1122 3113 1189 3202 his
1206 3117 1280 3200 col·

344 3216 442 3308 tuis,
471 3217 626 3296 videmus
646 3237 718 3294 tum
742 3219 893 3294 nuclei
883 3219 1006 3293 ιιιιιιιιί
1026 3211 1128 3303 testae
1152 3211 1279 3294 nullam

345 3319 508 3394 rationem
543 3320 702 3395 habuisse
742 3324 1000 3415 Lauaucsruu,
1023 3341 1113 3400 tum
1139 3321 1281 3439 maxime

346 3420 461 3495 affines
486 3424 614 3524 species
634 3425 833 3520 exclusisse,
863 3453 970 3528 quum
994 3421 1069 3498 hae
1083 3425 1192 3496 canali
1221 3425 1281 3499 illo

345 3517 476 3610 laterali
512 3525 656 3600 donatae
694 3554 761 3605 ιιοιι
791 3529 868 3602 sint.
901 3525 1136 3602 Lausacsrns
1165 3547 1283 3626 postea

346 3642 458 3700 tamen
475 3627 515 3699 in·
511 3630 670 3705 laudato
691 3657 799 3752 opere
820 3633 949 3732 priores
974 3632 1050 3716 illos
1071 3631 1287 3724 characteres

346 3725 539 3826 immutavit
553 3753 594 3836 et
609 3760 684 3834 pro
712 3733 855 3812 maxima
851 3754 976 3852 parte
989 3715 1181 3872 secundani
1199 3751 1285 3809 nor
