2952 4838
371 565 417 638 16
822 583 865 626 ι·-

305 747 309 754 .
364 691 465 764 etiam
488 685 685 790 trigonum,
699 678 831 758 inferne
849 684 970 758 obtuse
986 681 1110 760 desinit
1120 733 1130 777 ‚
1142 683 1225 759 dnm
1239 699 1300 759 ei·

275 860 280 868 .
364 812 471 867 trema
482 791 574 891 spina
584 788 682 864 etiam
694 787 815 878 obtusa
826 788 881 862 sit.
893 788 1072 862 Praeterea
1084 785 1169 862 dicit
1180 805 1302 864 auctor

364 915 483 974 testam
495 913 626 994 semper
644 909 829 966 emortuam
844 891 1011 966 invenisse
1026 889 1081 967 vel
1097 890 1143 966 ad
1165 892 1300 996 margi-

365 1025 442 1075 nem
454 996 674 1098 camingineo
686 994 792 1070 limbo
804 994 973 1070 orbatam:
986 993 1207 1070 inveniuntur
1217 993 1311 1069 Arss

366 1113 547 1204 gonautne
563 1099 697 1200 saepius
708 1098 865 1192 nitentes,
885 1098 935 1171 nti
949 1098 984 1171 in
996 1099 1116 1172 Museo
1130 1098 1253 1172 adsunt
1268 1114 1304 1184 ot

363 1207 499 1278 illorum
511 1227 631 1304 margo
647 1227 715 1276 non
729 1201 969 1302 cartilaginem
991 1219 1059 1292 est,
1074 1201 1134 1274 sed
1148 1201 1305 1275 concha-v

370 1303 454 1382 deus
468 1306 640 1382 invonitur
654 1305 754 1386 etiam
767 1305 803 1377 in
812 1305 978 1378 Nautilt's
991 1304 1143 1404 aliisque.
1158 1305 1303 1404 Insuper

370 1409 534 1483 rationem
551 1407 648 1482 ducit
679 1427 801 1482 auctor
831 1434 871 1481 ex
895 1409 1008 1482 colore
1035 1407 1187 1507 corporis
1210 1405 1305 1507 quod

370 1512 501 1629 ultique
513 1511 618 1586 fuscis
632 1505 769 1611 punctis
779 1509 976 1610 adspersum
984 1507 1136 1586 videtur:
1148 1509 1215 1584 hoc
1226 1509 1307 1586 inde

372 1634 492 1708 oritur,
513 1607 608 1715 quod
620 1615 779 1688 testalatd
793 1614 952 1714 aperturi
972 1611 1124 1714 praedita
1136 1615 1181 1686 sit
1192 1631 1224 1686 et
1238 1638 1307 1688 non
1327 1697 1329 1702 ¹

373 1737 465 1791 arcte
497 1739 623 1817 corpus
653 1714 829 1808 includat,
864 1716 958 1790 unde
988 1714 1176 1791 necessario
1210 1717 1309 1818 sequi

374 1818 476 1894 debet
490 1822 602 1894 lucem
613 1820 704 1894 omni
718 1839 813 1919 parte
827 1819 893 1894 hoc
909 1817 1119 1894 circumdare
1135 1839 1167 1894 et
1179 1820 1310 1895 colores

375 1921 442 2024 ipsi
459 1923 634 2024 praebere.
661 1923 813 1998 Tandem
837 1921 932 2023 quod
950 1923 1104 1996 animala
1119 1923 1202 1996 tent
1215 1923 1311 2000 solu·
1351 1979 1355 1986 .
1390 1953 1396 1958 ·

376 2046 448 2100 tum
464 2053 485 2098 a
504 2027 737 2114 Risinnsomo
750 2028 964 2102 observatum
983 2026 1076 2100 sitin
1090 2025 1180 2099 Mari
1195 2019 1311 2098 Medi-

375 2147 540 2222 terraneo,
564 2130 629 2204 hoo
650 2129 698 2202 nil
708 2130 853 2229 amplius
872 2127 970 2206 nobis
986 2125 1162 2202 ostendere
1174 2127 1311 2203 videtur

377 2258 479 2334 quam
505 2231 606 2333 quod
624 2236 852 2334 Argonauta
869 2232 966 2306 etiam
991 2231 1064 2306 sine
1086 2250 1171 2308 testa
1195 2232 1311 2308 vivero

401 2354 503 2410 ossit.
1050 2378 1051 2382 =

374 2363 399 2440 Ρ
429 2431 492 2510 His
516 2437 686 2536 expositis,
702 2433 748 2509 ad
760 2433 960 2510 divisionem
984 2434 1314 2534 Cephalopodorum

378 2541 483 2639 paulo
502 2542 694 2640 accuratius
714 2536 991 2614 considerandam
1015 2539 1315 2642 pergamusPri*

348 2686 354 2694 -
380 2644 485 2716 maiia
501 2661 611 2718 autem
627 2640 819 2720 distributio
842 2669 866 2716 a
884 2668 988 2743 supra
1016 2643 1161 2718 laudatis
1188 2662 1315 2718 aucto-

359 2747 363 2755 ’
377 2733 621 2846 ribusdiversa
631 2746 671 2819 fit
684 2744 826 2820 ratione.
839 2746 1036 2820 Secundum
1047 2745 1242 2822 Cuv1sn1un
1254 2745 1314 2818 di-

377 2841 544 2924 viduatur
562 2849 815 2946 Ceplialopodo
827 2848 863 2921 in
874 2848 948 2942 illa,
964 2874 1053 2948 quae
1068 2868 1185 2924 testam
1198 2868 1314 2922 exter-

377 2951 595 3026 nonnullam
620 2970 654 3024 et
676 2951 712 3025 in
726 2951 907 3054 illa‚qune
920 2969 1037 3026 testam
1052 2947 1221 3028 externam
1249 2949 1318 3024 ha-

379 3053 462 3129 bent
490 3083 499 3128 :
524 3051 714 3132 secundum
751 3054 1033 3130 Sonwnioonnun
1060 3055 1097 3129 in
1122 3056 1197 3146 illa,
1228 3077 1317 3154 quae

382 3153 525 3257 corpoie
547 3157 641 3246 nudo
664 3178 698 3231 et
725 3156 761 3230 in
784 3157 852 3251 illa,
875 3184 964 3257 quae
1001 3182 1144 3258 corpore
1172 3177 1317 3231 testaceo

380 3259 772 3351 donanturzsecundum
796 3261 1030 3336 Ltnnncnon
1053 3260 1090 3336 in
1110 3261 1201 3334 Non
1225 3261 1317 3332 Tes-

381 3375 486 3436 tacea
507 3386 540 3439 et
568 3365 741 3438 Testacea
753 3391 765 3436 .·
777 3362 862 3440 haec
891 3365 1003 3440 omnia
1024 3359 1143 3440 eodem
1161 3361 1316 3438 sedeunt.

381 3457 628 3542 anussncmus
665 3467 907 3567 vero'uprimus
943 3468 1040 3561 fuit,
1079 3465 1142 3568 qui
1161 3465 1219 3538 *ab
1253 3464 1318 3538 hac

382 3564 503 3640 usitati
528 3568 693 3644 divisione
724 3569 869 3644 discedit
895 3589 928 3643 et
954 3570 1052 3644 aliam
1077 3567 1255 3668 proposuit
1282 3567 1318 3638 in

383 3671 599 3766 Decapodt'a
623 3693 655 3748 et
696 3673 897 3769 Octopodia
908 3725 920 3761 ,
961 3673 1020 3744 tali
1039 3672 1211 3752 rationea
1236 3694 1320 3742 cae·

382 3770 462 3845 toris
481 3773 670 3872 'genetibus
694 3795 852 3872 separans
876 3794 909 3848 et
929 3795 1045 3848 secum
1061 3771 1206 3849 invicem
1234 3789 1320 3845 con-

380 3875 529 3976 jungens
549 3876 767 3980 Octopodem
786 3893 820 3950 et
831 3880 1117 3979 Argonautnm,
1133 3901 1221 3980 quos
1237 3899 1324 3976 pos«
