2952 4838
634 657 680 696 =
1072 627 1118 703 61

96 797 97 802 ,
196 755 309 832 stratis
327 750 487 830 montium
501 749 777 827 secundariorum
790 751 1019 854 reperiundis‚
1033 779 1123 854 quo-

198 885 274 932 rum
297 858 440 958 analoga
455 854 555 928 hodie
582 880 650 928 non
674 855 819 954 amplius
841 854 964 930 adsunt
985 874 1018 928 et
1033 880 1122 956 quae

195 981 275 1034 ante
295 983 522 1050 communem,
547 975 586 1029 ut
601 955 757 1047 videtur,
773 957 864 1030 illam
878 957 1122 1057 catastropham
1140 951 1143 960 ¹

199 1061 327 1134 telluris
349 1061 512 1146 vixerunt.
534 1058 611 1131 Alia
632 1058 668 1131 in
689 1060 932 1135 recentioribus
947 1059 1057 1134 stratis
1076 1062 1123 1132 in·

198 1161 394 1252 venienda,
419 1187 564 1261 quorum
596 1161 739 1261 analoga
770 1186 896 1261 genera
927 1187 1059 1260 semper
1090 1179 1124 1236 et

197 1265 295 1338 ctiam
324 1262 533 1362 aliquamdiu
558 1262 686 1360 species
711 1263 813 1345 hodie
841 1264 956 1338 adhuc
980 1261 1121 1350 adsunt:

197 1365 308 1446 omnia
330 1365 455 1438 fossilia
480 1365 549 1436 huc
578 1364 787 1459 referenda,
818 1392 963 1466 quorum
1002 1365 1124 1446 similia

196 1468 297 1542 hodie
309 1491 398 1539 mare
410 1466 574 1539 habitant
588 1467 664 1538 Alia
685 1467 819 1541 tandem
834 1471 870 1543 in
889 1467 1123 1542 recentissimis

197 1570 308 1644 stratis
321 1567 533 1670 quaerenda,
557 1561 703 1667 qnorum
726 1573 841 1669 plures
871 1571 999 1670 spe'cies
1021 1567 1124 1643 hodie

196 1673 310 1746 adhuc
345 1673 494 1747 viventes
528 1673 769 1744 observantur:
804 1672 855 1746 his
885 1672 1062 1748 fluviatilia
1082 1689 1123 1744 -et

196 1776 362 1850 terrestria
387 1775 734 1875 comprehenduntur.‘

247 1901 352 1992 Quod
374 1903 418 1974 ad
440 1903 572 1974 diversa
595 1921 697 1974 strata
720 1899 812 1973 orbis
838 1901 967 1974 telluris
988 1898 1122 1990 attinet,

197 2002 400 2078 dividuntur
422 2005 552 2076 Montes
576 2003 611 2076 in
642 2001 836 2075 universum
865 2002 900 2073 in
921 2001 1124 2074 Primarios

197 2127 231 2178 et
257 2105 504 2177 Secundorios.
531 2104 585 2175 Illi
606 2104 700 2175 nulla
728 2102 1019 2202 comprehendunt
1042 2102 1124 2176 ani-

194 2208 334 2280 malium
346 2206 491 2280 residua.
506 2206 550 2276 Hi
562 2232 644 2280 vero
656 2222 827 2292 constant,
850 2204 999 2304 primoe
1022 2221 1125 2278 strato

162 2323 164 2335 '
197 2309 374 2399 inferiore,
410 2308 445 2380 in
478 2333 549 2408 quo
574 2309 817 2381 Limenmrax
844 2309 1027 2380 coloureus
1060 2308 1123 2378 al-

191 2416 304 2509 pinus
316 2430 348 2483 et
359 2412 552 2505 Psepbites
569 2437 764 2484 orenoceus
776 2413 965 2484 rubescens
976 2437 988 2482 :
999 2407 1124 2482 deinde

197 2541 215 2586 e
256 2533 358 2586 strato
387 2511 543 2586 mediano
581 2513 636 2586 rel
674 2506 864 2588 transitorio
895 2529 1067 2586 constante
1105 2537 1124 2585 e

201 2617 306 2687 Cretd
337 2617 451 2702 albei,
475 2633 496 2687 'e
527 2615 634 2689 Cretd
665 2617 853 2715 silicigerd
865 2666 879 2702 ,
908 2633 941 2689 et
969 2641 988 2687 e
1016 2613 1123 2687 Cretd

197 2718 406 2790 chloritiod:
423 2716 558 2791 tandem
586 2747 604 2792 e
623 2737 730 2797 strato
748 2719 920 2818 superiore
937 2717 1124 2816 composito
1163 2773 1169 2786 t

196 2843 217 2891 e
247 2817 387 2893 diversis
424 2819 645 2895 fluviatilibus
682 2841 715 2894 et
746 2821 881 2896 marinis
915 2845 949 2894 se
979 2819 1126 2893 invicem

198 2922 489 3021 superjacentibus
523 2923 616 3020 (51).
642 2923 828 2996 Videamus
857 2917 1044 2994 seeundum
1068 2919 1126 2992 di-

198 3050 311 3098 versos
329 3043 483 3100 auctores
494 3081 504 3118 ,
516 3026 720 3126 quibusnam
733 3023 1128 3099 inveniunturAmmo*

198 3129 296 3198 niteo
310 3145 343 3201 et
354 3128 507 3202 ordinem
523 3149 702 3228 sequentes
714 3146 893 3202 stratorum
915 3122 1126 3198 diversorum

198 3227 365 3303 Montium
387 3230 687 3322 secundariorum,
709 3231 856 3331 primum
881 3225 1025 3330 quidem.
1044 3251 1126 3324 spe-
1157 3249 1160 3256 ·

116 3377 124 3389 ·
197 3331 293 3422 cies,
319 3359 407 3434 quae
434 3335 469 3405 in
498 3333 753 3424 vetustissimis5
770 3331 895 3408 deinde
910 3329 1009 3424 illae,
1028 3352 1124 3430 ¹quae

195 3431 232 3527 in
252 3435 499 3509 recentioribus
526 3435 764 3510 inveniunturt
829 3429 832 3436 ’

193 3657 198 3664 ‘
240 3634 308 3726 (51)
332 3635 423 3704 Conf.
436 3623 627 3722 ‘Brongnian
650 3639 846 3730 Description
866 3634 1048 3728 geologique
1070 3633 1125 3700 des

196 3721 350 3791 Environs
378 3727 416 3792 de
439 3726 533 3792 Paris·
557 3719 638 3820 de.
663 3727 778 3795 Cuvier
795 3725 987 3796 Recherches
1006 3749 1061 3792 snr
1082 3720 1126 3790 les

194 3809 358 3880 Ossemens
378 3813 494 3884 fossiles
511 3815 602 3886 T.ll·
617 3817 690 3886 Pars
709 3816 750 3886 lli
1076 3828 1083 3842 ‘
