2952 4838
437 669 960 798 rnusrnrne..
1094 739 1098 747 ι

319 849 334 857 ”
521 877 706 958 γοΑΡυΤ
731 821 819 957 ist

348 1051 404 1120 nn
426 1051 652 1121 nomusos
673 1051 715 1134 nt
736 1049 989 1124 uuiversum
1099 1049 1146 1150 χ

140 1283 149 1294 ,
208 1277 214 1284 .
250 1214 352 1292 Initia
378 1215 482 1315 hujus
507 1216 666 1316 opusculi
688 1217 795 1315 paulo
818 1217 918 1291 altius
947 1238 1139 1320 repetamus

201 1335 234 1390 ct
257 1317 404 1416 primum
427 1317 565 1417 quidem
593 1317 793 1414 videamus,
815 1346 995 1421 quaenam
1023 1321 1148 1402 locum

199 1421 286 1493 inter
306 1423 493 1494 Mollnsco
507 1440 642 1500 teneant
658 1413 922 1519 Cephalopoiio,
938 1451 1139 1526 quemnam-

199 1547 269 1622 que
293 1521 380 1596 inter
407 1519 660 1622 Cephalopoda
687 1525 857 1598 Ammon
873 1527 942 1599 ires
954 1582 970 1616 ,
993 1549 1032 1603 ut
1057 1531 1140 1608 inde

199 1645 361 1724 appareat
375 1681 384 1718 ,
398 1651 468 1725 quo
482 1619 582 1704 modo
607 1645 733 1703 textum
757 1623 800 1701 sit
822 1625 942 1722 filum,
964 1655 1034 1732 quo
1054 1631 1140 1712 haec

203 1729 342 1802 caeteris
371 1727 524 1802 animatis
552 1729 751 1832 alligantur.
846 1741 847 1748 ’

249 1851 313 1928 Uti
344 1853 381 1928 in
411 1855 661 1958 vegetabilibus
696 1875 808 1932 vastas
839 1853 928 1932 duas
965 1858 1141 1958 primarias

199 1953 274 2030 illas
299 1957 421 2032 classes
444 1961 684 2052 observamus,
708 1959 844 2034 alteram
878 1963 1141 2060 cotyledonibns

200 2055 359 2130 donatam
374 2061 534 2152 ,alteram
550 2061 597 2132 eis
615 2059 771 2134 orbatam
789 2060 869 2132 :ita
891 2061 990 2138 eriam
1011 2065 1047 2136 in
1062 2067 1142 2140 Ani·

201 2155 346 2232 malibus
367 2161 432 2234 alia
448 2162 654 2261 perfectiora
669 2159 833 2253 existunt,
848 2162 975 2260 quibus
995 2185 1142 2266 systema

187 2284 352 2354 osseum,
365 2263 516 2358 fulcrum
535 2264 768 2337 musculorum
786 2261 952 2336 internum
968 2319 978 2358 ,
994 2269 1059 2340 alia
1075 2269 1142 2341 irn-

199 2363 426 2462 perfectiora,
448 2364 483 2438 in
508 2366 635 2468 quibus
656 2363 743 2439 illud
765 2361 997 2458 desideratur,
1026 2371 1081 2444 vel
1105 2371 1141 2447 in

201 2465 326 2562 quibus
362 2467 469 2566 ipsius
498 2487 613 2568 partes
640 2471 809 2570 explens,
847 2465 1020 2546 invenitur
1059 2491 1142 2550 testa

200 2567 339 2667 lapidea
361 2571 423 2644 vel*
438 2575 606 2645 conuecti.
742 2567 745 2584 “
1124 2619 1125 2624 =

254 2693 397 2771 Plantae
424 2695 706 2796 Acotyledonea
732 2693 906 2796 duplicem
931 2698 1141 2798 potissimum
1181 2763 1183 2770 .

201 2800 434 2875 formationem
453 2799 714 2902 sequuntur.1n
732 2797 809 2892 illis,
827 2826 917 2902 quae
934 2802 1143 2904 cotyledoni-

201 2904 266 2979 bns
274 2899 435 3002 praeditis
446 2901 709 2997 maximeaffines
717 2923 808 2991 sunt,
817 2903 866 2978 uti
876 2901 1029 2996 Filieer,
1037 2909 1143 2998 Mus]

204 3009 239 3079 ei
238 3061 253 3094 ,
263 3007 314 3078 H
310 3009 484 3100 epotieae,
492 3007 542 3078 H
539 3006 813 3104 omulloplnylla,
828 3004 970 3079 cellulae
981 3005 1096 3081 adhuc
1107 3009 1142 3084 iu

104 3164 107 3172 .
140 3193 143 3198 Ι
202 3105 423 3206 expansiones
447 3107 605 3190 foliaccas
630 3110 889 3210 conjunguntur
913 3126 947 3182 et
966 3107 1047 3182 folia
1066 3109 1143 3180 dis·

202 3211 307 3282 tincta
320 3205 523 3308 plerumque
540 3210 771 3285 efformantur.
790 3213 832 3284 In
853 3207 920 3304 illis
938 3237 1035 3304 vero,
1054 3237 1141 3312 quae

202 3313 330 3386 minore
345 3310 562 3409 perfectionis
574 3313 686 3415 gradu
699 3312 874 3414 gaudent,
889 3312 941 3386 uti
957 3313 991 3384 in
1008 3317 1143 3390 Licue-

202 3417 322 3509 nibur,
343 3414 470 3514 Algis
485 3434 519 3488 et
536 3413 698 3516 Fungis,
715 3440 854 3514 perraro
870 3414 985 3488 adhuc
1000 3415 1057 3488 illa
1069 3416 1143 3492 sor-

204 3543 257 3590 ma
270 3517 415 3591 ioliacca
433 3517 489 3592 vel
511 3516 677 3592 frondosa·
687 3517 903 3610 observatur,
923 3517 1159 3608 Collemata,

204 3619 409 3713 Fneoideo,
440 3621 554 3696 Ulvas
577 3621 606 3694 si
631 3617 791 3720 excipias.
808 3663 852 3679 -·
867 3618 997 3695 Eodem
1017 3623 1142 3717 modu,

205 3719 238 3792 iu
264 3721 480 3818 animalibus,
502 3748 590 3824 quac
614 3723 777 3798 vertebris
801 3751 869 3798 non
893 3723 1063 3828 gaudent,
1086 3727 1142 3798 in·

205 3823 388 3900 veniuntur
403 3825 493 3901 duae
504 3827 632 3903 formae
648 3826 746 3922 zolio,
766 3829 891 3930 quibus
904 3827 1052 3903 medulla
1069 3852 1141 3902 ner·

299 3954 301 3958 Α
318 3969 320 3973 ,
944 3950 969 3994 1.
1186 3949 1197 3957 .

236 4077 257 4125 'i
