2952 4838
324 600 376 648 :rr¹
737 639 744 651 ,
775 600 818 634 =

321 686 512 792 Miliolr's,
534 711 653 796 utpote
665 695 764 769 etiarn
778 693 883 796 septis
902 692 1048 796 'internis
1062 691 1203 784 orbatis,
1217 694 1264 768 ab
1396 725 1399 732 ⁵

319 805 385 878 alia
400 826 498 877 ⁴vero·
514 801 550 876 iu
574 800 692 901 primis
712 824 792 874 cum
813 797 1106 888 Nummulitr's,a
1134 797 1271 896 quibus*

255 957 257 960 v
318 924 492 1005 septorum
521 923 818 980 concatenatarum
856 901 995 975 defectu
1025 898 1191 972 differunt
1229 920 1263 973 et

318 1009 378 1102 hi,
406 1013 458 1082 me
481 1007 622 1110 judice,
651 1009 757 1081 ¹solam
785 1026 936 1079 catenam
972 1002 1159 1102 praebent,
1193 1005 1263 1101 quei

313 1111 456 1208 'Sepioe
488 1137 568 1184 cum
610 1109 750 1211 reliquis
788 1107 1053 1206 Cephalopodis
1090 1105 1264 1179 fossilibus

321 1216 488 1316 conjungi
506 1233 662 1314 possunt.
1061 1216 1063 1220 ’

372 1318 477 1391 Hisce
494 1315 720 1417 computatis,
734 1339 878 1416 sequens
892 1313 971 1387 inde
996 1311 1166 1386 enascitur
1190 1309 1263 1388 dis-

320 1420 462 1521 positio:
960 1453 964 1462 ·
1087 1450 1091 1457 ·

322 1545 348 1605 1.
369 1543 485 1604 Animal
506 1555 593 1604 testae
610 1543 751 1603 inclusum
773 1541 821 1606 vel
838 1541 987 1623 ligamenti
1057 1587 1060 1591 -

360 1645 414 1706 ope
436 1637 524 1686 testae
555 1622 714 1685 adhaerens
741 1666 976 1684 ........
991 1639 1263 1698 ΑΒΗΑΕΒΕΝΉΑ,

360 1728 400 1812 Α)
423 1731 510 1812 Septa
544 1729 665 1812 siphone
688 1729 799 1812 duplici
822 1728 870 1791 vel
895 1729 994 1789 unico

442 1824 557 1893 pertusa
566 1852 979 1874 .............
994 1812 1200 1891 Straorromm.
1224 1813 1262 1875 N.

351 1957 353 1960 -
404 1913 434 1996 1)
448 1928 527 1998 septa
539 1915 668 1997 margine
682 1914 801 1974 loliaceo
827 1912 922 1974 lobata
943 1959 952 1974 .
976 1957 984 1973 .
999 1916 1229 2012 Amnwniteos

392 2018 433 2100 n)
448 2033 527 2101 septa
546 2021 675 2101 margine
697 2018 840 2100 lingulata
866 2019 914 2083 vel
936 2039 986 2077 an·
1034 2048 1036 2054 ¹

432 2099 528 2182 gulata
554 2101 602 2162 vel
624 2097 764 2161 undulata
785 2143 985 2161 .......
1004 2103 1199 2165 Genialitea.
1222 2103 1269 2164 NL

397 2203 428 2287 3)
439 2220 518 2288 septa
545 2207 675 2287 margine
709 2207 821 2286 integra
843 2247 983 2266 .....
994 2208 1160 2268 Nautilea.

359 2308 396 2392 B)
415 2311 501 2392 Septa
523 2309 735 2392 siphonenullo
754 2307 882 2391 praedita
905 2354 913 2368 .
937 2357 945 2372 .
969 2313 1211 2373 ‚Astraouomma
1223 2312 1259 2375 N.

404 2411 589 2495 1)anfractos
602 2414 725 2506 simplici
743 2413 791 2475 vel
813 2415 894 2476 nulli
906 2415 985 2481 lami·

336 2573 339 2580 Ι
439 2493 479 2554 nd
512 2495 616 2555 obtecti
645 2540 652 2554 .
676 2539 685 2556 .
711 2539 718 2553 .
744 2539 750 2554 .
776 2539 783 2553 .
810 2540 818 2555 .
840 2542 848 2557 .
872 2541 878 2555 .
904 2543 911 2558 .
937 2544 945 2559 .
968 2496 1259 2582 ,fMieroscopich

401 2595 434 2678 2)
448 2595 593 2658 anfractus
604 2618 639 2658 ex
655 2597 787 2680 pluribus
800 2595 915 2662 laminis
933 2603 991 2664 sibi

439 2678 564 2742 invicem
583 2679 774 2760 injacentibus
792 2683 978 2747 contabulati.
1000 2687 1209 2769 contabulato.
1220 2683 1259 2751 N·

324 2805 365 2867 ΙΙ.
380 2803 496 2866 Animal
510 2808 659 2890 ligamenti
680 2812 733 2952 ope
752 2798 838 2874 testae
861 2835 920 2875 non
933 2814 984 2875 ad-

370 2886 491 2948 haerens
510 2891 558 2952 vel
571 2892 641 2951 testi
659 2913 697 2952 nu
712 2893 740 2953 ll
762 2911 773 2952 .’
796 2936 960 2957 ......
987 2895 1138 2957 manat.

321 3011 1258 3052 Q

669 3117 831 3193 CAPUT
855 3119 916 3192 ur.

339 3261 394 3328 ou
424 3207 732 3333 monmoroms
764 3265 1046 3340 suuouomars
1078 3267 1119 3334 m
1142 3266 1235 3335 our-

698 3403 880 3472 tunsum

367 3535 627 3628 Universalibus
659 3541 720 3616 his
750 3542 974 3617 divisionibus
1015 3542 1256 3636 consideratis,

316 3641 533 3739 pervenimus
552 3665 645 3719 nunc
658 3645 703 3718 ad
729 3656 877 3748 genera,
896 3672 985 3746 quae
1006 3645 1051 3718 ad
1077 3646 1134 3719 illa
1148 3644 1257 3746 perti*

206 3785 209 3790 ·
317 3761 410 3834 nent,
426 3749 621 3822 accuratius
637 3749 849 3847 exponenda.
862 3749 986 3822 Omnia
1005 3773 1088 3822 vero
1100 3767 1256 3841 tractare,

318 3871 407 3948 quae
441 3845 554 3924 ordini
591 3850 920 3951 ceptatopodorum
959 3857 1198 3951 accensentur,
1235 3878 1257 3936 a
