2952 4838
671 631 1164 736 2¹5¹

230 786 367 861 onlosus
396 787 496 862 totius
525 787 676 887 corporis
704 787 952 889 longitudinem
983 814 1157 892 aequans,

219 887 313 965 »dum
323 889 381 962 iila
391 910 519 990 parturn
530 908 658 978 tontum
674 888 764 991 pede
778 891 974 965 instructam
987 893 1131 966 habeant
1149 921 1157 964 :

230 1018 401 1094 quamque
428 992 650 1072 differentiam
673 993 722 1068 sic
741 993 889 1093 explicat
901 995 1102 1086 (inuramus,
1119 1016 1165 1070 ut.

229 1095 266 1167 irr
287 1095 457 1196 prioribus
479 1095 575 1196 quusi
598 1095 715 1170 bernia
735 1096 882 1197 quadarn
901 1099 1045 1172 naturali
1062 1099 1159 1172 intes·

230 1200 300 1270 tina
329 1199 468 1298 expulsa
493 1199 580 1288 sint,
614 1225 704 1300 qnae
735 1200 772 1273 in
799 1201 1042 1302 posterioribus
1072 1202 1160 1275 intra

230 1322 343 1375 eutem
367 1303 580 1378 continentur
604 1303 669 1401 (a).
694 1302 753 1376 Ad
782 1303 1042 1402 Tiaolrelr'podn
1062 1306 1158 1377 Lam,

230 1405 341 1478 omnia
363 1405 532 1504 pertinent
550 1405 910 1494 Pectinibrunobiuta
933 1409 1160 1512 (Zoopbnga

229 1502 349 1605 Lam.)
363 1526 397 1581 et
410 1509 631 1582 Pulmonata
639 1510 728 1583 Gur.
745 1510 1014 1612 (Plfflopltttga
1028 1511 1158 1608 Lam),

229 1629 369 1710 excepta
392 1631 502 1702 tamen
522 1611 651 1685 familia
665 1613 1000 1687 Limaeoi'deorum:
1017 1607 1166 1704 caeteraj

227 1715 543 1788 Nudibrunebiata
555 1715 644 1791 Cur.
667 1715 924 1814 (Tritonioeeo
934 1717 1029 1788 Lam.
1043 1717 1072 1812 ),
1091 1715 1115 1787 1
1118 1743 1161 1786 u-

223 1817 521 1916 ferobr·aneltiata
533 1873 546 1906 ,
577 1819 889 1906 Tectibranebinta
900 1871 914 1905 ,
951 1821 1163 1904 Sentibron-

229 1920 706 2016 ebiata,Cyelobrnnelriata‚
718 1921 940 1994 Lnnrncnrus
951 1921 1017 1994 sub
1028 1921 1165 1994 nomine

233 2022 557 2115 Gaeteropodorum
579 2020 767 2120 conjunxit.
789 2022 830 2093 In
853 2023 958 2123 hujus
986 2021 1162 2097 divisionis

231 2122 516 2194 confirmationem
532 2119 724 2196 addendum
741 2140 791 2194 est
810 2124 1054 2219 Gaeteropoda
1070 2128 1162 2197 Lern.

230 2225 344 2297 omnia
368 2250 466 2298 sexus
487 2251 558 2298 esse
580 2223 868 2324 hermaphroditi‚
891 2224 974 2299 dum
1003 2229 1164 2298 Trache-

230 2327 353 2424 lipoda
369 2329 570 2428 Zooplroga
581 2321 678 2400 Lami
689 2327 785 2401 illum
796 2347 986 2426 separatum
997 2328 1162 2402 habeant:

230 2430 315 2501 inter
339 2449 484 2530 utraque
515 2429 660 2530 iocando
686 2449 788 2522 sunt,
812 2449 930 2531 utpote
954 2431 1050 2532 quod
1066 2450 1163 2505 tran-

230 2535 328 2605 situm
344 2533 487 2624 faeinut,
499 2535 720 2622 Pulmonatn
729 2533 826 2626 Cum,
840 2559 942 2710 pirae,
980 2533 1163 2624 namvis'ad

236 2636 495 2732 Trachelt'poda
520 2637 709 2736 pertineant
734 2660 838 2710 secun
866 2664 923 2710 um
952 2657 1163 2712 caracteres

231 2759 456 2829 memoratos,
490 2760 600 2816 ratueu
627 2738 965 2838 hermaphroditismo
997 2738 1161 2843 gaudent.

233 2879 277 2898 -
292 2841 423 2914 Deinde
444 2844 671 2916 Lnurncrrus
694 2845 847 2942 quintam
872 2844 1012 2918 classem
1036 2842 1164 2916 eonsti—
1262 2892 1264 2900 ·

230 2942 297 3016 tuit
321 2945 387 3020 sub
414 2945 550 3024 nornine
575 2945 889 3042 Heteropodorum
915 2971 956 3019 ex
982 2944 1165 3046 generibus

233 3045 436 3134 (lemnario,
448 3049 729 3122 Pterotrncbaea
753 3067 786 3121 et
801 3049 1041 3144 Plffllirrboe'
1053 3047 1162 3145 iisque

230 3147 348 3220 seriem
372 3150 636 3229 Molluacomm
661 3149 782 3252 incipit
800 3141 1090 3247 :Cephalopodis
1105 3150 1164 3220 illa

230 3249 434 3348 perfectiore
456 3251 576 3326 habuit
598 3274 738 3356 propter
753 3253 951 3355 positionem
968 3251 1163 3324 horizonta?

229 3352 295 3425 iem
327 3353 364 3425 in
398 3355 569 3446 natando,
602 3375 741 3455 propter
775 3356 896 3456 pinnas
933 3353 1162 3454 irregulariter

193 3515 196 3521 ,
230 3455 407 3556 dispositas
429 3475 462 3530 et
485 3457 624 3558 quidem
642 3458 784 3560 'putarit'
802 3457 860 3530 illa
876 3455 1049 3532 transitum
1067 3483 1162 3559 prae·

272 3682 327 3762 (a)
348 3679 423 3748 Vid.
450 3677 615 3747 Memoires
630 3702 713 3769 pour
742 3679 837 3745 servir
865 3681 882 3745 b
909 3675 1066 3747 l'Histoire
1089 3695 1118 3744 et
1140 3682 1158 3742 a

228 3764 414 3838 I'Arratomie
433 3768 487 3842 des
508 3767 893 3860 Mullusques,Mem.X1·
915 3791 970 3838 tur
988 3769 1018 3836 la
1037 3769 1162 3854 Limine

124 3851 128 3860 ’
229 3875 259 3942 et
279 3855 308 3926 le
329 3855 510 3948 Colimapon
517 3907 529 3939 ,
550 3883 620 3965 pag.
646 3859 677 3940 5.
