2952 4838
158 729 267 804 quum
295 707 443 780 carinam
474 704 642 805 integram
669 703 819 799 habeat,
860 705 1037 782 transimus
1064 708 1102 780 in

157 809 311 910 margine
326 810 460 884 sinistro
474 805 520 880 ad
535 834 713 882 numerum
728 834 845 898 -22‚
875 807 970 907 quod
985 809 1021 882 in
1037 835 1100 885 su-

155 911 349 1010 perioribus
370 912 558 1004 indicatur,
574 911 704 985 caeteris
719 911 876 986 omnibus
893 937 914 984 a
932 938 964 984 n.
983 939 996 983 r
1014 954 1036 967 —
1049 939 1097 984 22

156 1014 352 1114 praeteritis,
366 1041 473 1115 quum
486 1015 542 1088 illa
558 1013 722 1089 divisione
733 1039 847 1088 ornnes
859 1014 990 1111 species
1002 1038 1100 1087 corn-

158 1115 420 1217 prehenduntur
436 1118 552 1212 narina
565 1116 667 1191 dorso
684 1118 857 1190 crenulato
878 1117 934 1192 vel
949 1116 1099 1190 dentato.

161 1217 312 1310 Quando
340 1221 514 1321 pergimus
544 1221 588 1293 ad
616 1246 650 1292 n.
667 1246 737 1314 22,
760 1219 916 1294 videmus
943 1220 992 1292 ibi
1026 1219 1100 1294 illas

159 1322 290 1420 species
302 1377 312 1415 ‚
337 1349 427 1423 quae
445 1323 584 1398 dorsum
599 1323 770 1424 integrum
792 1323 960 1416 habeant,
982 1347 1101 1402 rursus

158 1423 266 1502 dividi
301 1426 451 1519 milles,
474 1426 601 1526 quibus
633 1445 683 1500 est
713 1424 851 1500 dorsum
879 1425 1100 1501 rotundatum

158 1527 215 1603 vel
232 1529 391 1602 obtusum
413 1548 447 1601 et
464 1528 500 1601 in
514 1529 613 1621 illas,
638 1527 765 1628 quibus
781 1529 896 1603 carina
909 1547 959 1602 est
974 1547 1096 1602 acuta:
1204 1597 1207 1602 ,
1298 1587 1300 1592 .

157 1629 289 1730 priores
314 1631 649 1731 comprehenduntur
668 1631 755 1704 inter
769 1657 801 1704 n.
819 1631 967 1723 23-154
986 1657 995 1702 ε
1016 1629 1098 1704 duur

157 1731 222 1806 hae
244 1760 280 1807 n.
300 1735 368 1809 155
388 1734 568 1835 incipiunt.
593 1732 721 1808 Eadem
739 1734 870 1809 ratione
893 1757 997 1834 porro
1017 1757 1098 1834 per-

158 1853 247 1938 gunt
261 1834 454 1912 divisiones.
478 1837 535 1912 Ad
551 1864 582 1911 n.
601 1839 670 1914 155
686 1837 833 1913 vidimus

291 1979 491 2049 anfractibus
505 1981 706 2050 tuberculntis
719 1983 837 2050 -156.

293 2109 489 2126 -----
508 2094 576 2138 non
590 2070 790 2138 rubemularis
804 2072 922 2163 -159.

158 2157 205 2234 ad
222 2187 256 2234 n.
275 2162 346 2238 160
660 2165 666 2172 '

292 2309 410 2377 Ultimo
424 2310 591 2400 penultimi
606 2311 775 2380 dimidium
791 2311 950 2402 obtegente
962 2299 1079 2403 2-17‘00
1151 2397 1152 2402 ἵ

291 2398 467 2468 Penultimo
482 2401 575 2492 plane
589 2404 728 2492 exposito
740 2405 857 2495 -175.

160 2483 206 2558 nd
232 2513 265 2558 n.
286 2491 355 2590 175
386 2493 433 2564 ita
462 2495 696 2594 pervenimus,
727 2494 789 2568 ubi
819 2501 940 2570 nomen
968 2491 1095 2593 speciei

162 2590 330 2688 quaesitae
353 2593 550 2670 invenimus.
573 2598 689 2689 Quum
705 2624 836 2699 semper
853 2595 971 2673 eodem
989 2596 1089 2687 redit,

162 2691 227 2764 hoc
247 2718 351 2768 unurn
374 2701 562 2800 exemplum
586 2727 651 2801 pro
670 2702 837 2777 omnibus.
