2952 4838
621 667 664 707 ε
1064 663 1106 717 ῐ-ἰ

167 763 334 840 creditum
356 765 399 838 sir
413 791 426 836 a:
449 781 538 836 certe
559 761 595 834 in
617 763 778 863 operibus
798 764 1018 864 systematiois
1040 792 1109 841 non

170 869 238 942 fuit
253 867 469 966 descriptum.
491 868 538 938 Et
554 866 802 940 Mourronrrus
813 867 878 968 (7),
894 868 1107 968 inquantum
1210 917 1214 932 ›

164 971 303 1062 scimus,
329 972 457 1069 primus
483 969 564 1060 fuit,
581 971 641 1067 qui
654 969 739 1042 haec
752 969 789 1040 in
808 971 920 1042 lucem
943 973 1108 1069 protulit,

165 1072 307 1166 scilicet,
321 1074 382 1172 qui
392 1072 524 1173 gallicis
536 1072 647 1147 verbis
655 1073 792 1172 belgica
799 1072 1037 1172 interpretatus
1045 1095 1105 1149 esu

218 1201 366 1272 Noutilr'
384 1199 715 1296 Pompilii'animal‚
739 1187 928 1272 secundum
951 1196 1107 1300 descrip-

169 1301 293 1375 tionem
322 1304 475 1374 Rnururr
499 1302 573 1396 (8),
593 1327 630 1374 os
653 1296 902 1375 circumdatum
925 1301 1026 1375 habet
1047 1303 1108 1376 in-

164 1405 317 1478 numeris
333 1405 457 1480 tunicis
478 1430 513 1477 se
529 1405 677 1479 invicem
691 1405 946 1506 obtegentibus,
962 1431 1107 1523 quarum

52 1603 55 1610 ¹
167 1532 290 1628 margo
308 1508 345 1579 in
366 1508 467 1607 plura
494 1508 687 1580 tentacula
700 1507 877 1582 dividitur:
904 1507 1047 1580 exterior
1070 1509 1107 1580 in

167 1609 325 1728 viginti,
336 1609 521 1711 penultima
545 1629 578 1682 et
601 1609 918 1728 antepenultimam
941 1607 1104 1684 sedecim:

165 1711 225 1786 illa
241 1714 411 1786 tentacula
427 1733 511 1787 sunt
516 1713 681 1807 laevia,
656 1739 725 1787 sure
743 1712 947 1804 acetabulis,
970 1711 1108 1814 illisque

167 1815 290 1888 animal
306 1842 426 1916 repere
445 1835 477 1888 et
499 1817 658 1915 praedam
688 1841 808 1916 capere
830 1835 948 1915 potest.
965 1815 1014 1888 Os
1027 1815 1106 1889 for-

166 1937 293 1991 matum
306 1917 440 1991 duabus
453 1920 614 2010 maxillis,
626 1919 679 1990 uti
692 1919 727 1990 in
736 1921 879 2035 Sepir's..
885 1918 998 1990 Oculi
1005 1917 1106 1992 valde

165 2020 370 2119 prominent.
396 2023 535 2119 Aparte
548 2019 729 2118 posteriore
746 2020 898 2119 corporis
918 2021 988 2092 abit
1007 2047 1105 2095 mus·
1173 2080 1174 2084 ,

169 2122 271 2194 culus
281 2146 344 2220 per
360 2121 534 2221 siphonem
549 2141 732 2220 septorum.
739 2123 945 2194 -Dolemus
956 2123 1079 2194 valde
1068 2151 1106 2196 ιιι

168 2222 340 2296 ditissimis
340 2222 651 2323 expeditionibus,
681 2245 769 2324 quae
789 2224 910 2297 Museo
932 2224 1043 2324 Regio
1064 2251 1106 2298 ex

156 2323 267 2400 ludia
292 2327 458 2400 Orientali
480 2326 714 2417 advenerunt,
735 2353 819 2400 cura
843 2327 909 2402 viri
933 2326 1105 2400 clarissimi

163 2429 402 2506 Rnruwauorn
415 2449 466 2502 etr
471 2455 565 2530 psrns
579 2455 811 2503 successorum
807 2427 953 2502 Korou
965 2449 997 2503 et
1010 2429 1104 2504 Has-

164 2557 270 2604 suurn
282 2587 292 2625 ,
304 2533 352 2606 N
349 2535 442 2605 auu
440 2560 454 2604 ι
448 2534 590 2606 animal
602 2559 670 2608 non
683 2533 811 2625 fuisse,
825 2553 863 2606 ut
877 2533 1008 2632 aliquid
1024 2557 1101 2607 cer-

165 2634 231 2706 tius
245 2635 288 2707 de
303 2633 369 2708 hoc
387 2633 502 2710 dicere
519 2661 711 2736 possemus:
724 2639 818 2710 nulla
838 2636 924 2709 ratio
937 2633 1033 2710 adest
1046 2655 1103 2709 ta-

164 2761 262 2828 men,
280 2737 406 2836 quade
423 2740 536 2812 verbis
549 2741 701 2824 Romanu
719 2738 924 2816 dubitemus
926 2759 959 2811 et
971 2735 1103 2812 adden-

164 2837 246 2911 dum
259 2841 550 2915 Mourroarruu
540 2843 710 2941 rnvenisse
729 2843 763 2914 in
784 2868 877 2943 pago
892 2843 1104 2914 Scueveltn-

160 2967 236 3039 gen
259 2942 353 3040 apud
369 2944 550 3042 quemdam
577 2932 796 3020 mercatorem
821 2943 976 3018 animal
966 2971 1001 3014 ιιι
1026 2969 1103 3016 cera

164 3041 325 3135 effictum,
354 3045 449 3144 quod
465 3049 575 3147 plane
599 3073 679 3121 cum
697 3046 926 3147 descriptione
951 3047 1103 3118 Ruururr

144 3201 147 3206 ,
167 3146 437 3222 conveniebat.

216 3273 386 3368 Spiruloe
403 3273 525 3346 animal
544 3295 662 3348 notum
684 3294 733 3349 est
758 3274 936 3375 drlrgentra
947 3274 1101 3364 Peaeum,

168 3373 292 3448 viride
314 3375 478 3476 Zoologia
502 3377 649 3450 maxime
667 3377 798 3469 meriti,
824 3377 980 3475 quicum
1012 3375 1101 3448 Ban-

165 3504 263 3551 nrnro
284 3479 523 3553 Australasiam
536 3479 641 3580 petiit
664 3479 728 3553 Ex
724 3481 865 3579 figura,
886 3505 995 3578 quam
1001 3477 1101 3552 nohis

202 3645 255 3738 (7)
272 3645 363 3713 Conf
376 3647 490 3714 Buffon
502 3649 544 3714 de
554 3647 703 3716 Sonnini:
720 3651 817 3740 partie
828 3650 1103 3748 conchiologique,

163 3733 226 3801 vol.
242 3737 305 3820 Ill,
324 3761 394 3825 pag
415 3737 456 3804 83
477 3755 506 3805 et
524 3763 612 3828 seqq.

128 3969 134 3982 .
171 3845 376 4030 592?ssss
385 3851 607 4000 Amboynsohe
618 3853 769 3928 Rarieir-
770 3843 901 3937 latter,
908 3854 1012 3947 1704,
1031 3876 1100 4010 pag.
