2952 4838
325 535 373 628 3⁴
480 665 484 671 '
627 653 675 730 ΙΙ,
699 655 879 728 Planites.
904 651 950 725 N.

360 781 606 870 ‚TestaseptttQ
624 781 716 868 septis
730 778 906 854 frondosis,
923 775 1095 862 discoidea,
1112 774 1256 868 spiselis:

324 870 515 962 aufractibus
540 871 594 938 vix
615 867 785 952 involutis,
807 869 923 933 sensim
942 866 1145 933 incrassatis..
1281 887 1283 892 ’

367 1005 571 1072 Ρῖανιονόἰίεε
593 1006 678 1069 lam.
691 1001 816 1085 (Me'm.
828 1005 867 1068 de
877 1003 911 1068 ta
926 1003 995 1068 Soc.
1012 1001 1133 1068 a‘ffur
1158 1003 1258 1086 Nat.)

249 1151 255 1170 ,
277 1141 280 1158 ,
324 1096 572 1172 -4Plan1ttttea,
593 1093 822 1180 Ellipsolithea
848 1089 960 1157 Montl.
980 1094 1256 1170 -Ammouitea,

324 1185 552 1271 Ellipcolithea
582 1181 666 1250 Sow.
685 1220 726 1230 -
739 1181 917 1263 Numitor,
945 1185 1139 1270 Argonauta
1164 1183 1256 1250 hein.
1317 1191 1321 1198 '

322 1273 569 1354 --Ptuuatitcu
587 1271 886 1355 Ammonellipaites
903 1268 1259 1337 Parkm-Animorritce

323 1365 410 1436 [aar.
424 1363 529 1450 (Hier.
543 1359 867 1435 Naar-Pramum
882 1360 968 1444 lam.
990 1361 1092 1447 (Syat.
1108 1361 1165 1426 dea
1184 1363 1256 1427 An.

324 1475 401 1518 aune
423 1447 895 1536 vert.)-Ophiopomurphitea
910 1446 1001 1522 Plott.
1187 1447 1189 1453 ’

377 1587 453 1660 Hoc
493 1611 576 1686 ergo
619 1609 729 1686 genus
764 1579 971 1658 admiserunt
1006 1585 1256 1661 Monrronarus

327 1708 360 1764 et
388 1685 666 1780 Pannnsuurus,
698 1687 750 1760 u'ti
781 1687 884 1760 etiam
915 1685 1166 1784 trutannus,
1195 1690 1257 1788 qui

326 1793 421 1866 illud'
437 1799 519 1866 uero
543 1793 578 1864 in
606 1791 764 1890 scriptis,
788 1817 875 1891 quae
901 1790 1147 1890 posterioribus
1171 1811 1258 1865 tem-

325 1895 469 1997 poribus
496 1892 630 1984 edidit,
663 1893 757 1966 nullb
788 1893 915 1966 ratione
950 1891 1066 1992 addita
1082 1947 1094 1986 ‚-
1125 1893 1254 1994 rejecit.

327 1999 458 2092 Causa,
476 1995 571 2097 quod
593 1995 650 2070 alii
676 1995 879 2071 vacillarunt
901 1996 935 2068 in
963 1995 1163 2098 accipiendo
1190 1997 1258 2072 hoc

326 2109 451 2203 genere
490 2103 544 2174 vel
573 2099 668 2202 quod
699 2098 757 2172 alii
795 2098 882 2173 illud
919 2095 998 2174 cum
1031 2103 1258 2174 Amazonicis

327 2206 612 2306 conjunxerunt,
643 2203 839 2300 quaerenda
872 2221 921 2276 est
958 2203 993 2274 in
1031 2203 1257 2297 difficultate,

327 2306 501 2408 quiaillud
522 2305 725 2395 deliniatur,
744 2305 899 2406 quamvis
913 2309 1157 2380 Ammoniten
1168 2305 1259 2408 quis·

327 2435 397 2508 que
417 2410 615 2482 aPlunite
643 2405 850 2506 dignoscat:
880 2433 956 2480 nam
991 2408 1165 2482 character
1190 2435 1259 2482 non
1326 2427 1333 2438 ’

326 2509 590 2610 petendusesta
615 2534 756 2584 nurnero
782 2510 1018 2605 anfractuum
1045 2512 1106 2610 qui
1123 2513 1258 2612 saepius

326 2615 377 2686 illi
395 2613 695 2686 Amnwnitarum
726 2613 876 2712 aequalis
899 2632 975 2706 est,
997 2615 1052 2688 vel
1069 2641 1099 2691 ‚a
1131 2617 1258 2717 majore
1286 2629 1289 2640 '

327 2718 384 2788 vel
406 2718 534 2788 minore
564 2714 688 2815 gradu*
706 2714 926 2790 involutionis
953 2717 1170 2791 anfractuum
1194 2716 1260 2811 ,scd

276 2872 278 2876 -
326 2845 348 2892 a
381 2819 504 2892 forma.
527 2843 729 2918 gyrorum,
764 2819 825 2918 qui
860 2820 896 2890 in
935 2819 1099 2892 Planiris
1137 2822 1264 2902 sensim⁴

308 3003 313 3013 ,
327 2921 475 2994 crassitie
491 2919 748 3010 diminuuntur,
772 2920 853 2994 dum
874 2923 910 2993 in
922 2925 1156 3016 ¹Ammonitas
1173 2919 1259 2998 haec

326 3023 507 3100 diminutio
532 3023 712 3096 voluminis
749 3020 929 3123 derepente
955 3025 997 3097 lit
1032 3025 1065 3097 in
1101 3026 1258 3100 anfractu
1318 3059 1321 3068 ⁴

325 3127 524 3226 penultimo.
548 3125 624 3224 Ope
647 3125 751 3225 hujus
782 3125 984 3199 characteris
1015 3127 1114 3200 facilc
1144 3147 1260 3202 omnes

326 3231 455 3330 species
479 3228 524 3300 ab
545 3247 700 3326 utraquev
714 3247 810 3328 parte
834 3229 999 3330 distingui
1023 3250 1176 3329 possunt.

377 3357 599 3428 Lanancrrus
627 3357 654 3426 l.
685 3357 711 3427 l.
742 3355 886 3454 primurn
916 3354 1003 3430 illud
1032 3383 1141 3458 genus
1163 3359 1259 3431 Plo·

326 3459 491 3530 norbiten
520 3457 679 3548 vocavit,
706 3456 830 3532 additis
858 3460 1132 3536 characteribus:
1156 3461 1265 3557 septa‘

326 3563 478 3660 integra.
505 3559 620 3648 Quum
652 3580 763 3634 atatem
792 3563 914 3635 caeteri
940 3563 1149 3638 characteres
1171 3564 1258 3638 nulli

325 3663 411 3736 aliae
431 3679 532 3736 testae
557 3665 781 3764 conveniunt,
800 3667 991 3764 necessario
1015 3666 1153 3770 quidem
1180 3685 1258 3744 autc
