2952 4838
333 569 382 666 4⁰
777 601 821 638 =

248 679 255 692 ¹
384 696 417 768 E
446 690 699 771 characteribus
717 694 886 797 genericis
902 713 1001 796 petet
1029 692 1168 771 differre
1191 695 1267 770 Go-

332 799 490 887 niott'ten
518 825 538 877 a
572 799 727 872 Ceratite
762 799 813 874 uti
837 852 848 888 ,
875 798 961 872 inter
988 801 1239 882 Amneottr'tea
1251 851 1267 887 ,

337 901 502 974 Globites
528 903 572 976 ab
598 905 831 979 Ammonio.
848 902 1072 976 Lnnsncnros
1094 901 1183 974 illud
1206 902 1268 976 in-

334 1002 463 1079 dicavit
495 1030 620 1108 genere
651 1001 885 1091 Noritilr'tes,
918 1003 1014 1105 quod
1040 1024 1159 1104 postea·
1187 1029 1270 1080 vero

334 1107 461 1207 rejecit.
483 1109 734 1191 Monrrottrros
760 1108 848 1184 illud
874 1105 998 1184 dividit
1021 1108 1057 1181 in
1089 1109 1269 1206 Pelagone

335 1228 370 1282 et
385 1213 631 1311 Agonidem,
654 1210 702 1282 illi
725 1229 825 1316 testes
845 1211 1078 1314 umbilicetas,
1097 1209 1180 1287 huic
1202 1229 1271 1284 tes-

334 1331 386 1386 tas
411 1339 480 1386 non
504 1315 714 1388 umbilieetas
737 1314 908 1389 referens:
933 1313 1069 1388 minoris
1095 1337 1176 1389 vero
1194 1339 1272 1386 rno-

335 1415 440 1488 menti
465 1435 544 1489 sunt
570 1416 619 1488 itti
648 1418 883 1508 characteres,
907 1441 1014 1515 quum
1042 1415 1142 1490 valde
1164 1417 1273 1488 variet

336 1517 396 1591 illa
424 1519 577 1592 umbilici
608 1518 752 1604 latitudo
781 1545 846 1619 pro
865 1519 1005 1596 'diversa
1036 1537 1143 1592 aetate
1169 1537 1274 1591 testae

231 1705 240 1732 ι
337 1621 407 1713 oti,
431 1646 467 1696 v.
500 1647 563 1718 e,
593 1640 692 1724 petet¹
715 1622 752 1696 in
777 1623 922 1704 Globite
945 1622 1093 1694 tumido.
1118 1621 1274 1710 Verbum

322 1723 540 1797 Nautilites
570 1715 749 1824 rejecimus
773 1728 855 1827 quia
877 1724 922 1797 ad
944 1727 1119 1824 Noutiloe
1143 1723 1274 1798 fossiles
1324 1807 1328 1816 ¹

338 1827 509 1943 pertinet:
535 1829 661 1927 pariter
681 1827 817 1904 nomina
828 1829 1058 1929 Agamedes,
1077 1829 1271 1928 Pelagos,
1386 1831 1397 1855 ⁶

340 1931 559 2030 quianullus
583 1956 699 2005 sensns
723 1930 826 2030 inest.v
884 1985 886 1990 -

392 2077 596 2164 Goniotites
620 2105 661 2154 ex
684 2077 781 2170 wine
804 2081 964 2178 angulos
974 2131 990 2168 ,
1012 2098 1152 2182 proptor
1176 2097 1274 2179 septe

336 2182 527 2283 angulata,
550 2200 583 2258 et
596 2182 840 2259 terminatione
861 2213 934 2260 ιτες.

390 2433 397 2452 ,
615 2353 681 2427 IX.
705 2343 922 2427 'Rhabdttes
947 2353 994 2426 N.

379 2453 470 2520 Testa
486 2468 616 2544 septeta,
641 2455 734 2546 septis
756 2453 929 2542 angulatis,
943 2451 1079 2540 ligulatis
1097 2451 1146 2520 vel
1163 2452 1277 2520 undu-

339 2539 431 2630 intis,
446 2559 549 2630 recto,
575 2544 694 2611 eoni'ca.

370 2679 1278 2774 Ll'i‘ranitesMontf.-JctthyosarcotitesDesmarestii(29).

365 2819 443 2892 ¹Ut
472 2821 619 2922 onelogi
657 2821 785 2895 ratione
822 2845 965 2921 egemus
996 2819 1034 2892 in
1068 2817 1279 2918 accipiendis

339 2921 402 2996 vel
427 2923 620 3024 rejiciendis
646 2925 860 3028 generibus,
895 2950 915 2995 a
952 2921 1095 2996 diversis
1125 2921 1279 2994 auotori-

339 3025 406 3100 bus
429 3028 634 3128 propositis,
661 3052 771 3130 genus
796 3025 1000 3112 Rhabdites
1024 3047 1118 3098 nunc
1141 3023 1281 3126 quidem
1326 3017 1329 3026 ’

331 3127 555 3202 ¹retinendum
589 3149 661 3221 est,
698 3148 817 3228 utpote
853 3126 994 3201 eandem
1040 3128 1181 3201 sormam
1220 3153 1281 3200 os-

340 3228 483 3305 tendens
499 3233 587 3305 inter
615 3233 850 3319 (tentatura,
864 3256 967 3330 quam
990 3230 1182 3303 Bocult'tes
1196 3229 1281 3302 inter

339 3335 587 3408 Ammoniou
608 3347 641 3408 e't
669 3335 950 3408 Orthooerotites
972 3333 1060 3407 inter
1089 3333 1280 3405 Neardea.

342 3435 423 3510 Non
448 3435 595 3510 vidimus
623 3456 760 3531 testam,
784 3463 873 3538 qnae
901 3437 969 3510 hoe
992 3439 1102 3538 genos
1135 3431 1283 3526 format,

343 3538 542 3614 auctoritate
565 3565 649 3616 vero
675 3541 809 3644 figurae
833 3541 1058 3614 Monrronrn
1093 3557 1127 3612 et
1157 3537 1284 3611 Kron-

390 3711 554 3820 (29)'Vid.
575 3727 705 3795 Journal
718 3729 757 3795 de
767 3729 934 3884 Physitple,
951 3727 991 3799 de
1005 3702 1130 3814 Cliimie
1142 3745 1174 3794 et
1184 3681 1285 3796 d’ffls

345 3819 425 3891 toire
440 3817 506 3887 Nat.
526 3817 616 3887 Tom.
638 3817 680 3885 85
697 3841 769 3906 pag.
789 3819 874 3896 50,P
888 3863 898 3883 .
912 3821 950 3885 11.
971 3818 1025 3906 fig.
1044 3843 1084 3909 9,
1103 3839 1153 3888 ιο.
